<collection xmlns="http://www.loc.gov/MARC21/slim">
<record>
  <leader>02528cam a2200385 i 4500</leader>
  <controlfield tag="001">17605241</controlfield>
  <controlfield tag="005">20200103110607.0</controlfield>
  <controlfield tag="008">130128s2013    nyua     b    001 0 eng  </controlfield>
  <datafield tag="906" ind1=" " ind2=" ">
    <subfield code="a">7</subfield>
    <subfield code="b">cbc</subfield>
    <subfield code="c">orignew</subfield>
    <subfield code="d">1</subfield>
    <subfield code="e">ecip</subfield>
    <subfield code="f">20</subfield>
    <subfield code="g">y-gencatlg</subfield>
  </datafield>
  <datafield tag="925" ind1="0" ind2=" ">
    <subfield code="a">acquire</subfield>
    <subfield code="b">1 shelf copy</subfield>
    <subfield code="x">policy default</subfield>
  </datafield>
  <datafield tag="955" ind1=" " ind2=" ">
    <subfield code="b">xg08 2013-01-28</subfield>
    <subfield code="i">xg08 2013-01-28</subfield>
    <subfield code="e">xg09 2013-01-29 to Dewey</subfield>
    <subfield code="w">rd05 2013-02-12</subfield>
    <subfield code="a">xg13 2013-06-19 2 copies rec&apos;d., to CIP ver.</subfield>
    <subfield code="i">xg16 2013-06-21 to BCCD c. 1-2</subfield>
    <subfield code="c">xg16 2013-06-24</subfield>
    <subfield code="d">xg08 2013-06-26 (952 removed)</subfield>
  </datafield>
  <datafield tag="010" ind1=" " ind2=" ">
    <subfield code="a">  2013003774</subfield>
  </datafield>
  <datafield tag="020" ind1=" " ind2=" ">
    <subfield code="a">9781454808183 (pbk. : alk. paper)</subfield>
  </datafield>
  <datafield tag="020" ind1=" " ind2=" ">
    <subfield code="a">1454808187 (pbk. : alk. paper)</subfield>
  </datafield>
  <datafield tag="040" ind1=" " ind2=" ">
    <subfield code="a">DLC</subfield>
    <subfield code="b">eng</subfield>
    <subfield code="c">DLC</subfield>
    <subfield code="e">rda</subfield>
  </datafield>
  <datafield tag="042" ind1=" " ind2=" ">
    <subfield code="a">pcc</subfield>
  </datafield>
  <datafield tag="050" ind1="0" ind2="0">
    <subfield code="a">K2390</subfield>
    <subfield code="b">.R64 2013</subfield>
  </datafield>
  <datafield tag="082" ind1="0" ind2="0">
    <subfield code="a">303.6/9</subfield>
    <subfield code="2">23</subfield>
  </datafield>
  <datafield tag="100" ind1="1" ind2=" ">
    <subfield code="a">Rogers, Nancy H.</subfield>
  </datafield>
  <datafield tag="245" ind1="1" ind2="0">
    <subfield code="a">Designing systems and processes for managing disputes /</subfield>
    <subfield code="c">Nancy H. Rogers, Emeritus Michael E. Moritz Chair in Alternative Dispute Resolution, The Ohio State University Moritz College of Law; Robert C. Bordone, Thaddeus R. Beal Clinical Professor of Law, Harvard Law School; Frank E.A. Sander, Bussey Professor of Law Emeritus, Harvard Law School; Craig A. Mcewen, Daniel B. Fayerweather Professor of Political Economy and Sociology Emeritus, Bowdoin College.</subfield>
  </datafield>
  <datafield tag="264" ind1=" " ind2="1">
    <subfield code="a">New York :</subfield>
    <subfield code="b">Wolters Kluwer Law &amp; Business,</subfield>
    <subfield code="c">[2013]</subfield>
  </datafield>
  <datafield tag="300" ind1=" " ind2=" ">
    <subfield code="a">xxii, 463 pages :</subfield>
    <subfield code="b">illustrations ;</subfield>
    <subfield code="c">26 cm</subfield>
  </datafield>
  <datafield tag="336" ind1=" " ind2=" ">
    <subfield code="3">book</subfield>
    <subfield code="a">text</subfield>
    <subfield code="2">rdacontent</subfield>
  </datafield>
  <datafield tag="336" ind1=" " ind2=" ">
    <subfield code="3">CD-ROM</subfield>
    <subfield code="a">text</subfield>
    <subfield code="2">rdacontent</subfield>
  </datafield>
  <datafield tag="337" ind1=" " ind2=" ">
    <subfield code="3">book</subfield>
    <subfield code="a">unmediated</subfield>
    <subfield code="2">rdamedia</subfield>
  </datafield>
  <datafield tag="337" ind1=" " ind2=" ">
    <subfield code="3">CD-ROM</subfield>
    <subfield code="a">computer</subfield>
    <subfield code="2">rdamedia</subfield>
  </datafield>
  <datafield tag="338" ind1=" " ind2=" ">
    <subfield code="3">book</subfield>
    <subfield code="a">volume</subfield>
    <subfield code="2">rdacarrier</subfield>
  </datafield>
  <datafield tag="338" ind1=" " ind2=" ">
    <subfield code="3">CD-ROM</subfield>
    <subfield code="a">computer disc</subfield>
    <subfield code="2">rdacarrier</subfield>
  </datafield>
  <datafield tag="504" ind1=" " ind2=" ">
    <subfield code="a">Includes bibliographical references (pages 423-444) and index.</subfield>
  </datafield>
  <datafield tag="505" ind1="0" ind2=" ">
    <subfield code="a">Introduction -- Overview of the design process -- Taking design initiative and clarifying roles -- Assessing stakeholders, goals and interests, and contexts -- Creating dispute management processes and systems -- Selecting, engaging, and preparing the participants in the new process -- Determining the extent of confidentiality and openness in the process -- Seeking justice, safety, reconciliation, change, personal and public understanding, personal accountability, and other goals -- Enhancing relationships -- Using technology -- Implementing -- Using contracts -- Using law -- Evaluating and revising -- Skills for designers.</subfield>
  </datafield>
  <datafield tag="650" ind1=" " ind2="0">
    <subfield code="a">Dispute resolution (Law)</subfield>
  </datafield>
  <datafield tag="650" ind1=" " ind2="0">
    <subfield code="a">Dispute resolution (Law)</subfield>
    <subfield code="x">Social aspects.</subfield>
  </datafield>
  <datafield tag="700" ind1="1" ind2=" ">
    <subfield code="a">Bordone, Robert C.,</subfield>
    <subfield code="d">1972-</subfield>
  </datafield>
  <datafield tag="700" ind1="1" ind2=" ">
    <subfield code="a">Sander, Frank E. A.</subfield>
  </datafield>
  <datafield tag="700" ind1="1" ind2=" ">
    <subfield code="a">McEwen, Craig A.</subfield>
  </datafield>
</record>