
<record>
  <leader>02983cam a2200265 a 4500</leader>
  <controlfield tag="001">17617388</controlfield>
  <controlfield tag="005">20200103133637.0</controlfield>
  <controlfield tag="008">130207s2013    enka     b    001 0 eng  </controlfield>
  <datafield tag="906" ind1=" " ind2=" ">
    <subfield code="a">7</subfield>
    <subfield code="b">cbc</subfield>
    <subfield code="c">origcop</subfield>
    <subfield code="d">2</subfield>
    <subfield code="e">ncip</subfield>
    <subfield code="f">20</subfield>
    <subfield code="g">y-gencatlg</subfield>
  </datafield>
  <datafield tag="925" ind1="0" ind2=" ">
    <subfield code="a">acquire</subfield>
    <subfield code="b">1 shelf copy</subfield>
    <subfield code="x">policy default</subfield>
  </datafield>
  <datafield tag="955" ind1=" " ind2=" ">
    <subfield code="b">xg16 2013-02-07 z-processor</subfield>
    <subfield code="i">xg16 2013-02-07 to BCCD</subfield>
    <subfield code="t">xg21 2013-03-15 copy 2 added</subfield>
  </datafield>
  <datafield tag="010" ind1=" " ind2=" ">
    <subfield code="a">  2012538411</subfield>
  </datafield>
  <datafield tag="020" ind1=" " ind2=" ">
    <subfield code="a">9780199669455 (pbk. : alk. paper)</subfield>
  </datafield>
  <datafield tag="040" ind1=" " ind2=" ">
    <subfield code="a">DLC</subfield>
    <subfield code="c">DLC</subfield>
  </datafield>
  <datafield tag="042" ind1=" " ind2=" ">
    <subfield code="a">pcc</subfield>
  </datafield>
  <datafield tag="050" ind1="0" ind2="0">
    <subfield code="a">K1705</subfield>
    <subfield code="b">.I34 2013</subfield>
  </datafield>
  <datafield tag="245" ind1="0" ind2="4">
    <subfield code="a">The idea of labour law /</subfield>
    <subfield code="c">editors: Guy Davidov &amp; Brian Langille.</subfield>
  </datafield>
  <datafield tag="250" ind1=" " ind2=" ">
    <subfield code="a">First pbk. edition.</subfield>
  </datafield>
  <datafield tag="260" ind1=" " ind2=" ">
    <subfield code="a">Oxford, United Kingdom ;</subfield>
    <subfield code="b">Oxford University Press,</subfield>
    <subfield code="c">2013.</subfield>
  </datafield>
  <datafield tag="300" ind1=" " ind2=" ">
    <subfield code="a">xii, 441 p. :</subfield>
    <subfield code="b">ill. ;</subfield>
    <subfield code="c">24 cm.</subfield>
  </datafield>
  <datafield tag="505" ind1="0" ind2="0">
    <subfield code="a">Labour law after labour / Harry Arthurs -- Factors influencing the making and transformation of labour law in Europe / Bob Hepple -- Re-inventing labour law? / Manfred Weiss -- Hugo Sinzheimer and the constitutional function of labour law / Ruth Dukes -- Global conceptualizations and locasl constructions of the idea of labour law / Adrián Goldin -- The idea of the idea of labour law : a parable / Alan Hyde --  Labour law&apos;s theory of justice / Brian Langille -- Labour as a &apos;fictive commodity&apos; : radically reconceptualizing labour law / Judy Fudge -- Theories of rights as justifications for labour law / Hugh Collins -- The contribution of labour law to economic and human development / Simon Deakin -- Re-matching labour laws with their purpose / Guy Davidov -- The legal characterization of personal work relations and the idea of labour law / Mark Freedland and Nicola Kountouris -- Ideas of labour law : a view from the south / Paul Benjamin -- Informal employment and the challenges for labour law / Kamala Sankaran -- The impossibility of work law / Noah D. Zatz -- Using procurement law to enforce labour standards / Catherine Barnard -- Labor activism in local politics : from CBAs to &apos;CBAs&apos; / Katherine Stone and Scott Cummings -- The broad idea of labour law : industrial policy, labour market regulation, and decent work / John Howe.</subfield>
  </datafield>
  <datafield tag="505" ind1="0" ind2="0">
    <subfield code="a">The third function of labour law : distributing labour market opportunities among workers / Guy Mundlak -- Beyond collective bargaining: modern unions as agents of social solidarity / Gillian Lester -- From conflict to regulation: the transformative function of labour law / Julia López, Consuelo Chacartegui, and César G. Cantón -- Out of the shadows? the Non-Binding Multilateral Framework on Migration (2006) and prospects for using international labour regulation to forge global labour market membership / Leah F. Vosko -- Flexible bureaucracies in labor market regulation /  Michael J. Piore -- Collective exit strategies : new ideas in transnational labour law / Silvana Sciarra -- Emancipation in the idea of labour law / Adelle Blackett.</subfield>
  </datafield>
  <datafield tag="650" ind1=" " ind2="0">
    <subfield code="a">Labor laws and legislation.</subfield>
  </datafield>
  <datafield tag="700" ind1="1" ind2=" ">
    <subfield code="a">Davidov, Guy,</subfield>
    <subfield code="d">1970-</subfield>
  </datafield>
  <datafield tag="700" ind1="1" ind2=" ">
    <subfield code="a">Langille, Brian.</subfield>
  </datafield>
</record>