
<record>
  <leader>02290cam a2200349 i 4500</leader>
  <controlfield tag="001">17698494</controlfield>
  <controlfield tag="005">20200103140315.0</controlfield>
  <controlfield tag="008">130415s2013    enk      b    001 0 eng  </controlfield>
  <datafield tag="906" ind1=" " ind2=" ">
    <subfield code="a">7</subfield>
    <subfield code="b">cbc</subfield>
    <subfield code="c">orignew</subfield>
    <subfield code="d">2</subfield>
    <subfield code="e">ncip</subfield>
    <subfield code="f">20</subfield>
    <subfield code="g">y-gencatlg</subfield>
  </datafield>
  <datafield tag="925" ind1="0" ind2=" ">
    <subfield code="a">acquire</subfield>
    <subfield code="b">1 shelf copy</subfield>
    <subfield code="x">policy default</subfield>
  </datafield>
  <datafield tag="955" ind1=" " ind2=" ">
    <subfield code="b">xg16 2013-04-15</subfield>
    <subfield code="a">xg16 2013-04-15 to LL</subfield>
    <subfield code="i">xg08 2013-05-30</subfield>
    <subfield code="e">xg18 2013-06-05 to LL</subfield>
    <subfield code="t">xg28 2014-07-29 copy 2 added</subfield>
  </datafield>
  <datafield tag="010" ind1=" " ind2=" ">
    <subfield code="a">  2012554064</subfield>
  </datafield>
  <datafield tag="020" ind1=" " ind2=" ">
    <subfield code="a">9780415517188 (hbk. : alk. paper)</subfield>
  </datafield>
  <datafield tag="020" ind1=" " ind2=" ">
    <subfield code="a">0415517184 (hbk. : alk. paper)</subfield>
  </datafield>
  <datafield tag="020" ind1=" " ind2=" ">
    <subfield code="z">9780203631621 (ebk)</subfield>
  </datafield>
  <datafield tag="040" ind1=" " ind2=" ">
    <subfield code="a">DLC</subfield>
    <subfield code="b">eng</subfield>
    <subfield code="c">DLC</subfield>
    <subfield code="e">rda</subfield>
    <subfield code="d">DLC</subfield>
  </datafield>
  <datafield tag="042" ind1=" " ind2=" ">
    <subfield code="a">pcc</subfield>
  </datafield>
  <datafield tag="050" ind1="0" ind2="0">
    <subfield code="a">K230.A445</subfield>
    <subfield code="b">A67 2013</subfield>
  </datafield>
  <datafield tag="245" ind1="0" ind2="0">
    <subfield code="a">Althusser and law /</subfield>
    <subfield code="c">edited by Laurent de Sutter.</subfield>
  </datafield>
  <datafield tag="264" ind1=" " ind2="1">
    <subfield code="a">Abingdon, Oxon :</subfield>
    <subfield code="b">Routledge,</subfield>
    <subfield code="c">2013.</subfield>
  </datafield>
  <datafield tag="300" ind1=" " ind2=" ">
    <subfield code="a">ix, 160 pages ;</subfield>
    <subfield code="c">24 cm.</subfield>
  </datafield>
  <datafield tag="336" ind1=" " ind2=" ">
    <subfield code="a">text</subfield>
    <subfield code="2">rdacontent</subfield>
  </datafield>
  <datafield tag="337" ind1=" " ind2=" ">
    <subfield code="a">unmediated</subfield>
    <subfield code="2">rdamedia</subfield>
  </datafield>
  <datafield tag="338" ind1=" " ind2=" ">
    <subfield code="a">volume</subfield>
    <subfield code="2">rdacarrier</subfield>
  </datafield>
  <datafield tag="490" ind1="0" ind2=" ">
    <subfield code="a">Nomikoi : Critical legal thinkers</subfield>
  </datafield>
  <datafield tag="500" ind1=" " ind2=" ">
    <subfield code="a">&quot;a GlassHouse book&quot;</subfield>
  </datafield>
  <datafield tag="504" ind1=" " ind2=" ">
    <subfield code="a">Includes bibliographical references and index.</subfield>
  </datafield>
  <datafield tag="505" ind1="0" ind2=" ">
    <subfield code="a">Introduction /  Laurent de Sutter -- The Threat of the Outside : Althusser&apos;s Reflections on Law /  Warren Montag -- Althusser on Laws Natural and Juridical /  William S. Lewis -- Monarchy, Despotism, and Althusser&apos;s &apos;Linguistic Trick&apos; : Materialist Reflections on the Literary Reproduction of Montesquieu&apos;s &apos;Fundamental Law&apos; /  David McInerney -- Althusser&apos;s Paradoxical Legel Exceptionalism as a Materialist Critique of Schmitt&apos;s Decisionism / Juan Domingo Sánchez Estop -- Prohibitionary Law as Apparatus of Subjectivation : Butler&apos;s The Psychic Life of Power and Althusser /  Yoshiyuki Sato -- Althusser in Avatar : Comparative Law as a Science and the Haunting of the Subject / David Marrani -- Re-reading Capital : Notes towards an Investigation of Law, Politics and Pensions /  Adam Gearey -- The Althusser Fact : For Madness Creates no Right - On the Secularization of Law /  Dimitra Panopoulos -- Aleatory Materialism and Speculative Jurisprudence (II) : For a New Logic of Right / Kyle McGee.</subfield>
  </datafield>
  <datafield tag="600" ind1="1" ind2="0">
    <subfield code="a">Althusser, Louis,</subfield>
    <subfield code="d">1918-1990.</subfield>
  </datafield>
  <datafield tag="650" ind1=" " ind2="0">
    <subfield code="a">Law</subfield>
    <subfield code="x">Philosophy.</subfield>
  </datafield>
  <datafield tag="700" ind1="1" ind2=" ">
    <subfield code="a">De Sutter, Laurent,</subfield>
    <subfield code="e">editor of compilation.</subfield>
  </datafield>
  <datafield tag="856" ind1="4" ind2="1">
    <subfield code="3">Table of contents only</subfield>
    <subfield code="u">http://www.loc.gov/catdir/toc/fy14pdf03/2012554064.html</subfield>
  </datafield>
</record>