
<record>
  <leader>02501cam a2200337 i 4500</leader>
  <controlfield tag="001">17748515</controlfield>
  <controlfield tag="005">20200103150336.0</controlfield>
  <controlfield tag="008">130522s2013    enk      b    001 0 eng  </controlfield>
  <datafield tag="906" ind1=" " ind2=" ">
    <subfield code="a">7</subfield>
    <subfield code="b">cbc</subfield>
    <subfield code="c">orignew</subfield>
    <subfield code="d">2</subfield>
    <subfield code="e">epcn</subfield>
    <subfield code="f">20</subfield>
    <subfield code="g">y-gencatlg</subfield>
  </datafield>
  <datafield tag="925" ind1="0" ind2=" ">
    <subfield code="a">acquire</subfield>
    <subfield code="b">1 shelf copy</subfield>
    <subfield code="x">policy default</subfield>
  </datafield>
  <datafield tag="955" ind1=" " ind2=" ">
    <subfield code="a">pc20 2013-05-22</subfield>
    <subfield code="c">xg31 2014-01-29 Copy 1 to subject</subfield>
    <subfield code="a">xn08 2014-02-05 add&apos;l. copy rec&apos;d.</subfield>
    <subfield code="d">xg08 2014-02-06 (desc mod)</subfield>
    <subfield code="e">xg13 2014-02-10 to LL</subfield>
    <subfield code="t">xg21 2014-03-13 copy 2 added</subfield>
  </datafield>
  <datafield tag="010" ind1=" " ind2=" ">
    <subfield code="a">  2013941073</subfield>
  </datafield>
  <datafield tag="020" ind1=" " ind2=" ">
    <subfield code="a">9780199685349 (hardback)</subfield>
  </datafield>
  <datafield tag="040" ind1=" " ind2=" ">
    <subfield code="a">DLC</subfield>
    <subfield code="b">eng</subfield>
    <subfield code="c">DLC</subfield>
    <subfield code="e">rda</subfield>
  </datafield>
  <datafield tag="042" ind1=" " ind2=" ">
    <subfield code="a">pcc</subfield>
  </datafield>
  <datafield tag="050" ind1="0" ind2="0">
    <subfield code="a">K579.F7</subfield>
    <subfield code="b">S53 2013</subfield>
  </datafield>
  <datafield tag="245" ind1="0" ind2="0">
    <subfield code="a">Sham transactions /</subfield>
    <subfield code="c">Edwin Simpson and Miranda Stewart.</subfield>
  </datafield>
  <datafield tag="250" ind1=" " ind2=" ">
    <subfield code="a">First edition.</subfield>
  </datafield>
  <datafield tag="264" ind1=" " ind2="1">
    <subfield code="a">Oxford, United Kingdom :</subfield>
    <subfield code="b">Oxford University Press,</subfield>
    <subfield code="c">2013.</subfield>
  </datafield>
  <datafield tag="300" ind1=" " ind2=" ">
    <subfield code="a">xlii, 299 pages ;</subfield>
    <subfield code="c">26 cm</subfield>
  </datafield>
  <datafield tag="336" ind1=" " ind2=" ">
    <subfield code="a">text</subfield>
    <subfield code="2">rdacontent</subfield>
  </datafield>
  <datafield tag="337" ind1=" " ind2=" ">
    <subfield code="a">unmediated</subfield>
    <subfield code="2">rdamedia</subfield>
  </datafield>
  <datafield tag="338" ind1=" " ind2=" ">
    <subfield code="a">volume</subfield>
    <subfield code="2">rdacarrier</subfield>
  </datafield>
  <datafield tag="504" ind1=" " ind2=" ">
    <subfield code="a">Includes bibliographical references and index.</subfield>
  </datafield>
  <datafield tag="505" ind1="0" ind2=" ">
    <subfield code="a">1: Miranda Stewart and Edwin Simpson: Introduction : What is the Sham &apos;Doctrine&apos;? --  2: Mike McNair: Sham: Early Uses and Related and Unrelated Doctrines -- 3: Miranda Stewart: The Judicial Doctrine of Sham in Australia --   4: Joshua Blank and Nancy Staudt: Sham Transactions in the United States --  5: Edwin Simpson: Sham and Purposive Statutory Construction  -- 6: Susan Bright, Hannah Glover and Jeremias Prassl: &apos;Shams&apos; in Tenancy Agreements -- 7: Matthew Conaglen: Sham and Trusts -- 8: Nicholas Le Poidevin: Sham and Trusts: A Practitioner&apos;s Perspective -- 9: Lord Neuberger: Sham Doctrine and Company Charges -- 10: Anne Davies: Sham Transactions in Employment Law -- 11: Robert Miles and Eleanor Holland: Shams and Piercing the Corporate Veil  -- 12: Malcolm Gammie: Tracing the Boundaries of Sham and Ramsay -- 13: Shelley Griffiths and Jessica Palmer: Sham and Tax Avoidance: What Difference does a GAAR make? - a New Zealand Perspective -- 14: Glen Loutzenhiser: Trompe-l&apos;oeil: Sham in the Canadian Tax Court -- 15: John Vella: Sham, Tax Avoidance and &apos;A Realistic View of Facts&apos; -- 16: Michael Kirby: Sham and Tax Law: Coffee Beans, Trust Funds and Judicial Distaste.</subfield>
  </datafield>
  <datafield tag="650" ind1=" " ind2="0">
    <subfield code="a">Fraud</subfield>
    <subfield code="z">English-speaking countries.</subfield>
  </datafield>
  <datafield tag="650" ind1=" " ind2="0">
    <subfield code="a">Illegal juristic acts</subfield>
    <subfield code="z">English-speaking countries.</subfield>
  </datafield>
  <datafield tag="650" ind1=" " ind2="0">
    <subfield code="a">Fictions (Law)</subfield>
    <subfield code="z">English-speaking countries.</subfield>
  </datafield>
  <datafield tag="653" ind1=" " ind2=" ">
    <subfield code="a">Sham transactions</subfield>
  </datafield>
  <datafield tag="700" ind1="1" ind2=" ">
    <subfield code="a">Simpson, Edwin,</subfield>
    <subfield code="e">editor of compilation.</subfield>
  </datafield>
  <datafield tag="700" ind1="1" ind2=" ">
    <subfield code="a">Stewart, Miranda,</subfield>
    <subfield code="d">1968-</subfield>
    <subfield code="e">editor of compilation.</subfield>
  </datafield>
</record>