
<record>
  <leader>02470cam a2200397 i 4500</leader>
  <controlfield tag="001">17786470</controlfield>
  <controlfield tag="005">20200103141828.0</controlfield>
  <controlfield tag="008">130621s2014    cau      b    001 0 eng  </controlfield>
  <datafield tag="906" ind1=" " ind2=" ">
    <subfield code="a">0</subfield>
    <subfield code="b">cbc</subfield>
    <subfield code="c">orignew</subfield>
    <subfield code="d">1</subfield>
    <subfield code="e">ecip</subfield>
    <subfield code="f">20</subfield>
    <subfield code="g">y-gencatlg</subfield>
  </datafield>
  <datafield tag="925" ind1="0" ind2=" ">
    <subfield code="a">acquire</subfield>
    <subfield code="b">1 shelf copy</subfield>
    <subfield code="x">policy default</subfield>
  </datafield>
  <datafield tag="955" ind1=" " ind2=" ">
    <subfield code="b">xj15 2013-06-21</subfield>
    <subfield code="c">xj15 2013-06-21 ONIX</subfield>
    <subfield code="i">xj15 2013-06-21 (telework)</subfield>
    <subfield code="a">xj15 2013-06-21 to Dewey</subfield>
    <subfield code="w">rd05 2013-06-21</subfield>
    <subfield code="a">xn03 2013-12-11 copy rec&apos;d; to CIP ver.</subfield>
    <subfield code="f">rk05 2014-01-06 CIP ver. to CALM (telework)</subfield>
    <subfield code="t">xn02 2014-01-27 copy 2 added</subfield>
    <subfield code="i">xg08 2014-05-08 (reclassed, wrong as assigned, desc revised)</subfield>
    <subfield code="e">xg16 2014-05-12 (reclassed from Q335</subfield>
    <subfield code="b">.W386 2014) to LL</subfield>
  </datafield>
  <datafield tag="010" ind1=" " ind2=" ">
    <subfield code="a">  2013023469</subfield>
  </datafield>
  <datafield tag="020" ind1=" " ind2=" ">
    <subfield code="a">9781440829451 (hardback : acid-free paper)</subfield>
  </datafield>
  <datafield tag="020" ind1=" " ind2=" ">
    <subfield code="z">9781440829468 (ebook)</subfield>
  </datafield>
  <datafield tag="040" ind1=" " ind2=" ">
    <subfield code="a">DLC</subfield>
    <subfield code="b">eng</subfield>
    <subfield code="c">DLC</subfield>
    <subfield code="e">rda</subfield>
    <subfield code="d">DLC</subfield>
  </datafield>
  <datafield tag="042" ind1=" " ind2=" ">
    <subfield code="a">pcc</subfield>
  </datafield>
  <datafield tag="043" ind1=" " ind2=" ">
    <subfield code="a">n-us---</subfield>
  </datafield>
  <datafield tag="050" ind1="0" ind2="0">
    <subfield code="a">K564.C6</subfield>
    <subfield code="b">W428 2014</subfield>
  </datafield>
  <datafield tag="082" ind1="0" ind2="0">
    <subfield code="a">343.09/99</subfield>
    <subfield code="2">23</subfield>
  </datafield>
  <datafield tag="084" ind1=" " ind2=" ">
    <subfield code="a">TEC037000</subfield>
    <subfield code="a">TEC052000</subfield>
    <subfield code="2">bisacsh</subfield>
  </datafield>
  <datafield tag="100" ind1="1" ind2=" ">
    <subfield code="a">Weaver, John Frank,</subfield>
    <subfield code="e">author.</subfield>
  </datafield>
  <datafield tag="245" ind1="1" ind2="0">
    <subfield code="a">Robots are people too :</subfield>
    <subfield code="b">how Siri, Google Car, and artificial intelligence will force us to change our laws /</subfield>
    <subfield code="c">John Frank Weaver.</subfield>
  </datafield>
  <datafield tag="264" ind1=" " ind2="1">
    <subfield code="a">Santa Barbara, California :</subfield>
    <subfield code="b">Praeger, An imprint of ABC-CLIO, LLC,</subfield>
    <subfield code="c">[2014]</subfield>
  </datafield>
  <datafield tag="300" ind1=" " ind2=" ">
    <subfield code="a">ix, 234 pages ;</subfield>
    <subfield code="c">25 cm</subfield>
  </datafield>
  <datafield tag="336" ind1=" " ind2=" ">
    <subfield code="a">text</subfield>
    <subfield code="2">rdacontent</subfield>
  </datafield>
  <datafield tag="337" ind1=" " ind2=" ">
    <subfield code="a">unmediated</subfield>
    <subfield code="2">rdamedia</subfield>
  </datafield>
  <datafield tag="338" ind1=" " ind2=" ">
    <subfield code="a">volume</subfield>
    <subfield code="2">rdacarrier</subfield>
  </datafield>
  <datafield tag="504" ind1=" " ind2=" ">
    <subfield code="a">Includes bibliographical references and index.</subfield>
  </datafield>
  <datafield tag="505" ind1="0" ind2=" ">
    <subfield code="a">It&apos;s not what Isaac Asimov promised, but artificial intelligence if here -- How to sue a robot: liability and AI -- The Uniform Artificial intelligence Act and the regulation of AI -- In Robots Parentis: when robots have custody of a child (or an adult) -- RIMBY (Robots in My Backyard) -- AI and the fourth amendment -- The forthcoming United Nations conventions on artificial intelligence --  What does a robot own? -- Can AI be good for us?</subfield>
  </datafield>
  <datafield tag="520" ind1=" " ind2=" ">
    <subfield code="a">&quot;The only book of its kind to look at how our legal system needs to change to accommodate a world in which machines, in addition to people, make decisions&quot;--</subfield>
    <subfield code="c">Provided by publisher.</subfield>
  </datafield>
  <datafield tag="650" ind1=" " ind2="0">
    <subfield code="a">Artificial intelligence</subfield>
    <subfield code="x">Law and legislation.</subfield>
  </datafield>
  <datafield tag="650" ind1=" " ind2="0">
    <subfield code="a">Robot industry</subfield>
    <subfield code="x">Law and legislation.</subfield>
  </datafield>
  <datafield tag="650" ind1=" " ind2="0">
    <subfield code="a">Technological innovations</subfield>
    <subfield code="x">Law and legislation</subfield>
    <subfield code="x">Social aspects.</subfield>
  </datafield>
  <datafield tag="650" ind1=" " ind2="0">
    <subfield code="a">Artificial intelligence</subfield>
    <subfield code="x">Law and legislation</subfield>
    <subfield code="z">United States.</subfield>
  </datafield>
  <datafield tag="650" ind1=" " ind2="7">
    <subfield code="a">TECHNOLOGY &amp; ENGINEERING / Robotics.</subfield>
    <subfield code="2">bisacsh</subfield>
  </datafield>
  <datafield tag="650" ind1=" " ind2="7">
    <subfield code="a">TECHNOLOGY &amp; ENGINEERING / Social Aspects.</subfield>
    <subfield code="2">bisacsh</subfield>
  </datafield>
</record>