
<record>
  <leader>02227cam a2200337 i 4500</leader>
  <controlfield tag="001">17804142</controlfield>
  <controlfield tag="005">20200103071500.0</controlfield>
  <controlfield tag="008">130708s2012    inua          000 0deng  </controlfield>
  <datafield tag="906" ind1=" " ind2=" ">
    <subfield code="a">0</subfield>
    <subfield code="b">ibc</subfield>
    <subfield code="c">orignew</subfield>
    <subfield code="d">2</subfield>
    <subfield code="e">ncip</subfield>
    <subfield code="f">20</subfield>
    <subfield code="g">y-gencatlg</subfield>
  </datafield>
  <datafield tag="925" ind1="0" ind2=" ">
    <subfield code="a">acquire</subfield>
    <subfield code="b">1 shelf copy</subfield>
    <subfield code="x">sel/ddw 2013-03-08</subfield>
  </datafield>
  <datafield tag="955" ind1=" " ind2=" ">
    <subfield code="b">rf10 2013-07-08 telework to HMS</subfield>
    <subfield code="c">rf05 2014-04-03 telework to subj</subfield>
    <subfield code="d">rf27 2020-01-03 to SL</subfield>
  </datafield>
  <datafield tag="010" ind1=" " ind2=" ">
    <subfield code="a">  2012903542</subfield>
  </datafield>
  <datafield tag="020" ind1=" " ind2=" ">
    <subfield code="a">9781469173672</subfield>
  </datafield>
  <datafield tag="020" ind1=" " ind2=" ">
    <subfield code="a">9781469150741</subfield>
    <subfield code="q">(sc)</subfield>
  </datafield>
  <datafield tag="020" ind1=" " ind2=" ">
    <subfield code="z">9781469110080</subfield>
    <subfield code="q">(ebook)</subfield>
  </datafield>
  <datafield tag="040" ind1=" " ind2=" ">
    <subfield code="a">DLC</subfield>
    <subfield code="b">eng</subfield>
    <subfield code="c">DLC</subfield>
    <subfield code="e">rda</subfield>
  </datafield>
  <datafield tag="042" ind1=" " ind2=" ">
    <subfield code="a">pcc</subfield>
  </datafield>
  <datafield tag="050" ind1="0" ind2="0">
    <subfield code="a">F474</subfield>
  </datafield>
  <datafield tag="245" ind1="0" ind2="0">
    <subfield code="a">My heart belongs to Mom :</subfield>
    <subfield code="b">a soilder&apos;s letter to his Mom from the other side Echata.</subfield>
  </datafield>
  <datafield tag="264" ind1=" " ind2="1">
    <subfield code="a">[Bloomington, IN] :</subfield>
    <subfield code="b">Xlibris Corporation</subfield>
    <subfield code="c">[2012]</subfield>
  </datafield>
  <datafield tag="300" ind1=" " ind2=" ">
    <subfield code="a">119 pages :</subfield>
    <subfield code="b">illustrations ;</subfield>
    <subfield code="c">24 cm</subfield>
  </datafield>
  <datafield tag="336" ind1=" " ind2=" ">
    <subfield code="a">text</subfield>
    <subfield code="2">rdacontent</subfield>
  </datafield>
  <datafield tag="337" ind1=" " ind2=" ">
    <subfield code="a">unmediated</subfield>
    <subfield code="2">rdamedia</subfield>
  </datafield>
  <datafield tag="338" ind1=" " ind2=" ">
    <subfield code="a">volume</subfield>
    <subfield code="2">rdacarrier</subfield>
  </datafield>
  <datafield tag="520" ind1=" " ind2=" ">
    <subfield code="a">&quot;This book is about the love and devotion between a mother and her son that transcends all time, space, and dimensions. The stories are messages from a son who did not get to say goodbye to his mother because of the way he had changed during his Army tours in Iraq. He never realized how heartbreaking it would be for his mother when he died. He became aware of the choices his mother and father made in life and how hart his mother fought to keep her children during divorce battles. It reminds other mothers who have lost a child that the love gave to them during their lives never ends-love goes on forever, love never ends, and the secrets you kept during their life become well known to them after they cross. The book focuses on how the son learned good choices in life by watching his mother&apos;s actions and listening to her thoughts. The stories will make you laugh and cry. The stories focus on the challenges both mother and son face both having ADHD and Dyslexia&quot;-- Provided by publisher.</subfield>
  </datafield>
  <datafield tag="600" ind1="0" ind2="0">
    <subfield code="a">Echata.</subfield>
  </datafield>
  <datafield tag="650" ind1=" " ind2="0">
    <subfield code="a">Parents of military casualties</subfield>
    <subfield code="z">United States</subfield>
    <subfield code="v">Biography</subfield>
  </datafield>
  <datafield tag="651" ind1=" " ind2="0">
    <subfield code="a">Columbia (Mo.)</subfield>
    <subfield code="x">Family</subfield>
    <subfield code="v">Biography.</subfield>
  </datafield>
  <datafield tag="650" ind1=" " ind2="0">
    <subfield code="a">Mothers and sons</subfield>
    <subfield code="z">Columbia (Mo.)</subfield>
    <subfield code="v">Biography.</subfield>
  </datafield>
  <datafield tag="650" ind1=" " ind2="0">
    <subfield code="a">Parental grief</subfield>
    <subfield code="z">United States.</subfield>
  </datafield>
  <datafield tag="650" ind1=" " ind2="0">
    <subfield code="a">Iraq War, 2003-2011</subfield>
    <subfield code="x">Casualties</subfield>
    <subfield code="z">United States</subfield>
    <subfield code="v">Biography.</subfield>
  </datafield>
</record>