
<record>
  <leader>02850cam a2200397 i 4500</leader>
  <controlfield tag="001">17840653</controlfield>
  <controlfield tag="005">20200103145711.0</controlfield>
  <controlfield tag="008">130805t20132013enk      b    001 0 eng c</controlfield>
  <datafield tag="906" ind1=" " ind2=" ">
    <subfield code="a">7</subfield>
    <subfield code="b">cbc</subfield>
    <subfield code="c">pccadap</subfield>
    <subfield code="d">2</subfield>
    <subfield code="e">ncip</subfield>
    <subfield code="f">20</subfield>
    <subfield code="g">y-gencatlg</subfield>
  </datafield>
  <datafield tag="925" ind1="0" ind2=" ">
    <subfield code="a">acquire</subfield>
    <subfield code="b">1 shelf copy</subfield>
    <subfield code="x">policy default</subfield>
  </datafield>
  <datafield tag="955" ind1=" " ind2=" ">
    <subfield code="a">pc14 2013-08-05</subfield>
    <subfield code="b">xg31 2014-04-29 z-processor</subfield>
    <subfield code="e">xg31 2014-04-29 Copy 1 to LL</subfield>
    <subfield code="t">xg21 2014-05-07 copy 2 added</subfield>
  </datafield>
  <datafield tag="010" ind1=" " ind2=" ">
    <subfield code="a">  2013947149</subfield>
  </datafield>
  <datafield tag="015" ind1=" " ind2=" ">
    <subfield code="a">GBB393321</subfield>
    <subfield code="2">bnb</subfield>
  </datafield>
  <datafield tag="016" ind1="7" ind2=" ">
    <subfield code="a">016516297</subfield>
    <subfield code="2">Uk</subfield>
  </datafield>
  <datafield tag="020" ind1=" " ind2=" ">
    <subfield code="a">9781783470471 (hardback)</subfield>
  </datafield>
  <datafield tag="020" ind1=" " ind2=" ">
    <subfield code="a">178347047X (hardback)</subfield>
  </datafield>
  <datafield tag="035" ind1=" " ind2=" ">
    <subfield code="a">(OCoLC)ocn861319894</subfield>
  </datafield>
  <datafield tag="040" ind1=" " ind2=" ">
    <subfield code="a">UKMGB</subfield>
    <subfield code="b">eng</subfield>
    <subfield code="c">UKMGB</subfield>
    <subfield code="e">rda</subfield>
    <subfield code="d">GUL</subfield>
    <subfield code="d">YDXCP</subfield>
    <subfield code="d">GWL</subfield>
    <subfield code="d">CDX</subfield>
    <subfield code="d">DEBBG</subfield>
    <subfield code="d">BTCTA</subfield>
    <subfield code="d">PUL</subfield>
    <subfield code="d">DLC</subfield>
  </datafield>
  <datafield tag="042" ind1=" " ind2=" ">
    <subfield code="a">pcc</subfield>
  </datafield>
  <datafield tag="050" ind1="0" ind2="0">
    <subfield code="a">K1401</subfield>
    <subfield code="b">.A9287 2013</subfield>
  </datafield>
  <datafield tag="084" ind1=" " ind2=" ">
    <subfield code="a">24,1</subfield>
    <subfield code="2">ssgn</subfield>
  </datafield>
  <datafield tag="245" ind1="0" ind2="0">
    <subfield code="a">Access to information and knowledge :</subfield>
    <subfield code="b">21st century challenges in intellectual property and knowledge governance /</subfield>
    <subfield code="c">edited by Dana Beldiman (Bucerius Law School, Germany and University of California, Hastings College of Law, USA).</subfield>
  </datafield>
  <datafield tag="264" ind1=" " ind2="1">
    <subfield code="a">Cheltenham, UK ;</subfield>
    <subfield code="a">Northampton, Massachusetts :</subfield>
    <subfield code="b">Edward Elgar,</subfield>
    <subfield code="c">[2013]</subfield>
  </datafield>
  <datafield tag="264" ind1=" " ind2="4">
    <subfield code="c">©2013</subfield>
  </datafield>
  <datafield tag="300" ind1=" " ind2=" ">
    <subfield code="a">ix, 318 pages ;</subfield>
    <subfield code="c">25 cm.</subfield>
  </datafield>
  <datafield tag="336" ind1=" " ind2=" ">
    <subfield code="a">text</subfield>
    <subfield code="b">txt</subfield>
    <subfield code="2">rdacontent</subfield>
  </datafield>
  <datafield tag="337" ind1=" " ind2=" ">
    <subfield code="a">unmediated</subfield>
    <subfield code="b">n</subfield>
    <subfield code="2">rdamedia</subfield>
  </datafield>
  <datafield tag="338" ind1=" " ind2=" ">
    <subfield code="a">volume</subfield>
    <subfield code="b">nc</subfield>
    <subfield code="2">rdacarrier</subfield>
  </datafield>
  <datafield tag="490" ind1="1" ind2=" ">
    <subfield code="a">Elgar intellectual property and global development</subfield>
  </datafield>
  <datafield tag="505" ind1="0" ind2="0">
    <subfield code="t">Public sector information as open data : access, re-use and the third innovation paradigm /</subfield>
    <subfield code="r">Marco Ricolfi --</subfield>
    <subfield code="t">Licensing research data under open access conditions under European law /</subfield>
    <subfield code="r">Lucie Guibault --</subfield>
    <subfield code="t">Intellectual property in the Cathedral /</subfield>
    <subfield code="r">Dan L. Burk --</subfield>
    <subfield code="t">Trademark law and the public domain /</subfield>
    <subfield code="r">Martin Senftleben --</subfield>
    <subfield code="t">Patent eligibility : the &apos;sick-man&apos; of patent law /</subfield>
    <subfield code="r">Erika Ellyne --</subfield>
    <subfield code="t">Exceptions, limitations and collective management of rights as vehicles for access to information /</subfield>
    <subfield code="r">Johan Axhamn --</subfield>
    <subfield code="t">Synergetic interaction between intellectual property and consumer protection : a pragmatic proposal to rebalance incentives and access /</subfield>
    <subfield code="r">Andrea Stazi and Maximiliano Marzetti --</subfield>
    <subfield code="t">Framing and explaining the politicization of intellectual property rights in the knowledge society /</subfield>
    <subfield code="r">Ingrid Schneider --</subfield>
    <subfield code="t">From data to wisdom : the contribution of intellectual property rights to the knowledge pyramid /</subfield>
    <subfield code="r">Roger Kampf --</subfield>
    <subfield code="t">The ACTA/TPP country clubs /</subfield>
    <subfield code="r">Peter K. Yu --</subfield>
    <subfield code="t">Rethinking the enforcement of intellectual property rights at international level /</subfield>
    <subfield code="r">Christophe Geiger.</subfield>
  </datafield>
  <datafield tag="504" ind1=" " ind2=" ">
    <subfield code="a">Includes bibliographical references and index.</subfield>
  </datafield>
  <datafield tag="650" ind1=" " ind2="0">
    <subfield code="a">Intellectual property.</subfield>
  </datafield>
  <datafield tag="650" ind1=" " ind2="0">
    <subfield code="a">Knowledge management.</subfield>
  </datafield>
  <datafield tag="700" ind1="1" ind2=" ">
    <subfield code="a">Beldiman, Dana,</subfield>
    <subfield code="e">editor.</subfield>
  </datafield>
  <datafield tag="830" ind1=" " ind2="0">
    <subfield code="a">Elgar intellectual property and global development.</subfield>
  </datafield>
  <datafield tag="856" ind1=" " ind2=" ">
    <subfield code="u">http://bvbr.bib-bvb.de:8991/F?func=service&amp;doc_library=BVB01&amp;local_base=BVB01&amp;doc_number=026832332&amp;line_number=0001&amp;func_code=DB_RECORDS&amp;service_type=MEDIA</subfield>
    <subfield code="z">Inhaltsverzeichnis</subfield>
  </datafield>
</record>