
<record>
  <leader>02990cam a2200373 i 4500</leader>
  <controlfield tag="001">17907299</controlfield>
  <controlfield tag="005">20200103133505.0</controlfield>
  <controlfield tag="008">131017s2014    enk      b    001 0 eng  </controlfield>
  <datafield tag="906" ind1=" " ind2=" ">
    <subfield code="a">7</subfield>
    <subfield code="b">cbc</subfield>
    <subfield code="c">orignew</subfield>
    <subfield code="d">1</subfield>
    <subfield code="e">ecip</subfield>
    <subfield code="f">20</subfield>
    <subfield code="g">y-gencatlg</subfield>
  </datafield>
  <datafield tag="925" ind1="0" ind2=" ">
    <subfield code="a">acquire</subfield>
    <subfield code="b">1 shelf copy</subfield>
    <subfield code="x">policy default</subfield>
  </datafield>
  <datafield tag="955" ind1=" " ind2=" ">
    <subfield code="b">xg09 2013-10-17</subfield>
    <subfield code="i">xg09 2013-10-17 ONIX to Dewey</subfield>
    <subfield code="w">xl03 2013-10-17</subfield>
    <subfield code="a">xn09 2014-07-01 1 copy rec&apos;d., to CIP ver.</subfield>
    <subfield code="f">xg16 2014-07-0 7 to LL</subfield>
    <subfield code="t">xg28 2014-07-24 copy 2 added</subfield>
  </datafield>
  <datafield tag="010" ind1=" " ind2=" ">
    <subfield code="a">  2013040566</subfield>
  </datafield>
  <datafield tag="020" ind1=" " ind2=" ">
    <subfield code="a">9781107037885 (hardback)</subfield>
  </datafield>
  <datafield tag="040" ind1=" " ind2=" ">
    <subfield code="a">DLC</subfield>
    <subfield code="b">eng</subfield>
    <subfield code="c">DLC</subfield>
    <subfield code="e">rda</subfield>
  </datafield>
  <datafield tag="042" ind1=" " ind2=" ">
    <subfield code="a">pcc</subfield>
  </datafield>
  <datafield tag="050" ind1="0" ind2="0">
    <subfield code="a">K3240</subfield>
    <subfield code="b">.K373 2014</subfield>
  </datafield>
  <datafield tag="082" ind1="0" ind2="0">
    <subfield code="a">341.4/8</subfield>
    <subfield code="2">23</subfield>
  </datafield>
  <datafield tag="084" ind1=" " ind2=" ">
    <subfield code="a">POL011000</subfield>
    <subfield code="2">bisacsh</subfield>
  </datafield>
  <datafield tag="100" ind1="1" ind2=" ">
    <subfield code="a">Karp, David Jason,</subfield>
    <subfield code="e">author.</subfield>
  </datafield>
  <datafield tag="245" ind1="1" ind2="0">
    <subfield code="a">Responsibility for human rights :</subfield>
    <subfield code="b">transnational corporations in imperfect states /</subfield>
    <subfield code="c">David Jason Karp.</subfield>
  </datafield>
  <datafield tag="264" ind1=" " ind2="1">
    <subfield code="a">Cambridge, United Kingdom ;</subfield>
    <subfield code="a">New York :</subfield>
    <subfield code="b">Cambridge University Press,</subfield>
    <subfield code="c">2014.</subfield>
  </datafield>
  <datafield tag="300" ind1=" " ind2=" ">
    <subfield code="a">ix, 198 pages ;</subfield>
    <subfield code="c">24 cm.</subfield>
  </datafield>
  <datafield tag="336" ind1=" " ind2=" ">
    <subfield code="a">text</subfield>
    <subfield code="2">rdacontent</subfield>
  </datafield>
  <datafield tag="337" ind1=" " ind2=" ">
    <subfield code="a">unmediated</subfield>
    <subfield code="2">rdamedia</subfield>
  </datafield>
  <datafield tag="338" ind1=" " ind2=" ">
    <subfield code="a">volume</subfield>
    <subfield code="2">rdacarrier</subfield>
  </datafield>
  <datafield tag="490" ind1="0" ind2=" ">
    <subfield code="a">Cambridge studies in international relations ;</subfield>
    <subfield code="v">130</subfield>
  </datafield>
  <datafield tag="504" ind1=" " ind2=" ">
    <subfield code="a">Includes bibliographical references (pages 162-176) and index.</subfield>
  </datafield>
  <datafield tag="505" ind1="0" ind2=" ">
    <subfield code="a">Introduction -- Transnational corporations and human rights in practice, policy and international law -- Legitimate authority, human rights and transnational actors -- Are human rights responsibilities universal? A conceptual framework of responsibility for human rights -- The capacity approach : a construction and critique -- The publicness approach to responsibility for human rights -- Conclusions : non-state actors and human rights practice.</subfield>
  </datafield>
  <datafield tag="520" ind1=" " ind2=" ">
    <subfield code="a">&quot;Responsibility for Human Rights provides an original theoretical analysis of which global actors are responsible for human rights, and why. It does this through an evaluation of the different reasons according to which such responsibilities might be assigned: legalism, universalism, capacity and publicness. The book marshals various arguments that speak in favour of and against assigning &apos;responsibility for human rights&apos; to any state or non-state actor. At the same time, it remains grounded in an incisive interpretation of the world we actually live in today, including: the relationship between sovereignty and human rights, recent events in &apos;business and human rights&apos; practice, and key empirical examples of human rights violations by companies. David Karp argues that relevantly public actors have specific human rights responsibility. However, states can be less public, and non-state actors can be more public, than might seem apparent at first glance&quot;--</subfield>
    <subfield code="c">Provided by publisher.</subfield>
  </datafield>
  <datafield tag="650" ind1=" " ind2="0">
    <subfield code="a">Human rights.</subfield>
  </datafield>
  <datafield tag="650" ind1=" " ind2="0">
    <subfield code="a">International business enterprises</subfield>
    <subfield code="x">Law and legislation.</subfield>
  </datafield>
  <datafield tag="650" ind1=" " ind2="0">
    <subfield code="a">Social responsibility of business.</subfield>
  </datafield>
  <datafield tag="650" ind1=" " ind2="7">
    <subfield code="a">POLITICAL SCIENCE / International Relations / General.</subfield>
    <subfield code="2">bisacsh</subfield>
  </datafield>
  <datafield tag="856" ind1="4" ind2="2">
    <subfield code="3">Cover image</subfield>
    <subfield code="u">http://assets.cambridge.org/97811070/37885/cover/9781107037885.jpg</subfield>
  </datafield>
</record>