
<record>
  <leader>03343cam a2200385 i 4500</leader>
  <controlfield tag="001">17967468</controlfield>
  <controlfield tag="005">20200103112231.0</controlfield>
  <controlfield tag="008">131209s2013    enka     b    001 0 eng d</controlfield>
  <datafield tag="906" ind1=" " ind2=" ">
    <subfield code="a">7</subfield>
    <subfield code="b">cbc</subfield>
    <subfield code="c">copycat</subfield>
    <subfield code="d">2</subfield>
    <subfield code="e">ncip</subfield>
    <subfield code="f">20</subfield>
    <subfield code="g">y-gencatlg</subfield>
  </datafield>
  <datafield tag="925" ind1="0" ind2=" ">
    <subfield code="a">acquire</subfield>
    <subfield code="b">1 shelf copy</subfield>
    <subfield code="x">policy default</subfield>
  </datafield>
  <datafield tag="955" ind1=" " ind2=" ">
    <subfield code="b">xg31 2013-12-09 z-processor</subfield>
    <subfield code="i">xg31 2013-12-09 Copy 1-2 to LL</subfield>
  </datafield>
  <datafield tag="010" ind1=" " ind2=" ">
    <subfield code="a">  2013417291</subfield>
  </datafield>
  <datafield tag="016" ind1="7" ind2=" ">
    <subfield code="a">016424400</subfield>
    <subfield code="2">Uk</subfield>
  </datafield>
  <datafield tag="020" ind1=" " ind2=" ">
    <subfield code="a">0124045979</subfield>
  </datafield>
  <datafield tag="020" ind1=" " ind2=" ">
    <subfield code="a">9780124045972</subfield>
  </datafield>
  <datafield tag="035" ind1=" " ind2=" ">
    <subfield code="a">(OCoLC)ocn828670743</subfield>
  </datafield>
  <datafield tag="040" ind1=" " ind2=" ">
    <subfield code="a">YDXCP</subfield>
    <subfield code="b">eng</subfield>
    <subfield code="c">YDXCP</subfield>
    <subfield code="d">UKMGB</subfield>
    <subfield code="d">MUU</subfield>
    <subfield code="d">BTCTA</subfield>
    <subfield code="d">IPL</subfield>
    <subfield code="d">DLC</subfield>
    <subfield code="e">rda</subfield>
    <subfield code="d">DLC</subfield>
  </datafield>
  <datafield tag="042" ind1=" " ind2=" ">
    <subfield code="a">lccopycat</subfield>
  </datafield>
  <datafield tag="050" ind1="0" ind2="0">
    <subfield code="a">K5001</subfield>
    <subfield code="b">.E84 2013</subfield>
  </datafield>
  <datafield tag="100" ind1="1" ind2=" ">
    <subfield code="a">Turvey, Brent E.,</subfield>
    <subfield code="e">author.</subfield>
  </datafield>
  <datafield tag="245" ind1="1" ind2="0">
    <subfield code="a">Ethical justice :</subfield>
    <subfield code="b">applied issues for criminal justice students and professionals /</subfield>
    <subfield code="c">Brent E. Turvey, Stan Crowder.</subfield>
  </datafield>
  <datafield tag="264" ind1=" " ind2="1">
    <subfield code="a">Oxford, United Kingdom ;</subfield>
    <subfield code="a">Waltham, MA :</subfield>
    <subfield code="b">Elsevier Academic Press,</subfield>
    <subfield code="c">2013.</subfield>
  </datafield>
  <datafield tag="300" ind1=" " ind2=" ">
    <subfield code="a">xxiv, 472 pages :</subfield>
    <subfield code="b">illustrations ;</subfield>
    <subfield code="c">25 cm</subfield>
  </datafield>
  <datafield tag="336" ind1=" " ind2=" ">
    <subfield code="a">text</subfield>
    <subfield code="2">rdacontent</subfield>
  </datafield>
  <datafield tag="337" ind1=" " ind2=" ">
    <subfield code="a">unmediated</subfield>
    <subfield code="2">rdamedia</subfield>
  </datafield>
  <datafield tag="338" ind1=" " ind2=" ">
    <subfield code="a">volume</subfield>
    <subfield code="2">rdacarrier</subfield>
  </datafield>
  <datafield tag="530" ind1=" " ind2=" ">
    <subfield code="a">Also available in electronic format.</subfield>
  </datafield>
  <datafield tag="504" ind1=" " ind2=" ">
    <subfield code="a">Includes bibliographical references and index.</subfield>
  </datafield>
  <datafield tag="520" ind1=" " ind2=" ">
    <subfield code="a">&quot;Ethics courses are a vital component of forensic science degree programs, and Ethical Justice is a resource specifically designed for instructors and students of forensic science and criminology. Case-based, and emphasizing practical ethical issues as opposed to ethics theory, this book provides a solid foundation in ethical dilemmas that can confront both students and professionals in the field. Encompassing issues arising in academia, law enforcement, and court and corrections systems, Ethical Justice is an inclusive, relevant work in applied ethics written by practitioners who also teach forensic science and criminology.&quot;--Publisher&apos;s website.</subfield>
  </datafield>
  <datafield tag="505" ind1="0" ind2=" ">
    <subfield code="a">Ethics in the criminal justice professions / Stan Crowder, and Brent E. Turvey -- Ethical issues for students of criminal justice ; Criminal justice educators : ethical issues in teaching / Stan Crowder, Shawn Mikulay, and Brent E. Turvey -- Criminology research : theory testing and publishing / Michael McGrath -- Ethical issues in police administration / Stan Crowder and Brent E. Turvey -- Ethical issues for police officers and criminal investigators / Stan Crowder, John O. Savino and Brent E. Turvey -- Ethical issues in crime lab  administration ; Ethical Issues in forensic examination / W. Jerry Chisum and Brent E. Turvey -- Ethical issues for criminal prosecutors / Ronald Miller and Brent E. Turvey -- Ethical issues for criminal defense attorneys / Craig Cooley and Brent E. Turvey -- Judicial ethics / Ronald Miller and Brent E. Turvey -- Ethical issues for corrections staff / Angela N. Torres and Brent E. Turvey -- Ethical issues for treatment staff in forensic settings / Michael McGrath and Brent Turvey -- Professional organizations in the criminal justice system ; Whistleblowers in the criminal justice system / Stan Crowder and Brent E. Turvey.</subfield>
  </datafield>
  <datafield tag="650" ind1=" " ind2="0">
    <subfield code="a">Criminal justice, Administration of</subfield>
    <subfield code="x">Moral and ethical aspects.</subfield>
  </datafield>
  <datafield tag="650" ind1=" " ind2="0">
    <subfield code="a">Forensic sciences</subfield>
    <subfield code="x">Moral and ethical aspects.</subfield>
  </datafield>
  <datafield tag="650" ind1=" " ind2="0">
    <subfield code="a">Forensic scientists</subfield>
    <subfield code="x">Professional ethics.</subfield>
  </datafield>
  <datafield tag="700" ind1="1" ind2=" ">
    <subfield code="a">Crowder, Stan,</subfield>
    <subfield code="e">author.</subfield>
  </datafield>
  <datafield tag="856" ind1="4" ind2="2">
    <subfield code="3">Publisher description</subfield>
    <subfield code="u">http://www.loc.gov/catdir/enhancements/fy1606/2013417291-d.html</subfield>
  </datafield>
</record>