
<record>
  <leader>03758cam a22003137i 4500</leader>
  <controlfield tag="001">17972902</controlfield>
  <controlfield tag="005">20200103120454.0</controlfield>
  <controlfield tag="008">131216s2015    nyu      bf   001 0 eng  </controlfield>
  <datafield tag="906" ind1=" " ind2=" ">
    <subfield code="a">7</subfield>
    <subfield code="b">cbc</subfield>
    <subfield code="c">orignew</subfield>
    <subfield code="d">1</subfield>
    <subfield code="e">ecip</subfield>
    <subfield code="f">20</subfield>
    <subfield code="g">y-gencatlg</subfield>
  </datafield>
  <datafield tag="925" ind1="0" ind2=" ">
    <subfield code="a">acquire</subfield>
    <subfield code="b">2 shelf copies</subfield>
    <subfield code="x">Sel/rjc, 2015-09-08</subfield>
  </datafield>
  <datafield tag="955" ind1=" " ind2=" ">
    <subfield code="b">rm13 2013-12-16</subfield>
    <subfield code="i">rm13 2013-12-16 (telework)</subfield>
    <subfield code="w">xl03 2013-12-16</subfield>
    <subfield code="a">rm13 2014-06-26 eCIP chg. request</subfield>
    <subfield code="a">xn05 2014-10-22 1 copy rec&apos;d., to CIP ver.</subfield>
    <subfield code="i">rm06 2014-11-21 to CALM (Telework)</subfield>
    <subfield code="t">rm11 2015-09-09 copy 2 to CALM</subfield>
  </datafield>
  <datafield tag="010" ind1=" " ind2=" ">
    <subfield code="a">  2013047731</subfield>
  </datafield>
  <datafield tag="020" ind1=" " ind2=" ">
    <subfield code="a">9780415818902 (hardback : alk. paper)</subfield>
  </datafield>
  <datafield tag="020" ind1=" " ind2=" ">
    <subfield code="z">9780203578988 (ebook)</subfield>
  </datafield>
  <datafield tag="040" ind1=" " ind2=" ">
    <subfield code="a">DLC</subfield>
    <subfield code="b">eng</subfield>
    <subfield code="c">DLC</subfield>
    <subfield code="e">rda</subfield>
    <subfield code="d">DLC</subfield>
  </datafield>
  <datafield tag="050" ind1="0" ind2="0">
    <subfield code="a">HV8079.H38</subfield>
    <subfield code="b">R68 2015</subfield>
  </datafield>
  <datafield tag="082" ind1="0" ind2="0">
    <subfield code="a">364.15</subfield>
    <subfield code="2">23</subfield>
  </datafield>
  <datafield tag="245" ind1="0" ind2="4">
    <subfield code="a">The Routledge international handbook on hate crime /</subfield>
    <subfield code="c">edited by Nathan Hall, Abbee Corb, Paul Giannasi and John G. D. Grieve ; foreword by Neville Lawrence, OBE.</subfield>
  </datafield>
  <datafield tag="246" ind1="3" ind2=" ">
    <subfield code="a">International handbook on hate crime</subfield>
  </datafield>
  <datafield tag="250" ind1=" " ind2=" ">
    <subfield code="a">First Edition.</subfield>
  </datafield>
  <datafield tag="264" ind1=" " ind2="1">
    <subfield code="a">New York :</subfield>
    <subfield code="b">Routledge, Taylor &amp; Francis Group,</subfield>
    <subfield code="c">2015.</subfield>
  </datafield>
  <datafield tag="300" ind1=" " ind2=" ">
    <subfield code="a">xviii, 440 pages ;</subfield>
    <subfield code="c">26 cm</subfield>
  </datafield>
  <datafield tag="336" ind1=" " ind2=" ">
    <subfield code="a">text</subfield>
    <subfield code="2">rdacontent</subfield>
  </datafield>
  <datafield tag="337" ind1=" " ind2=" ">
    <subfield code="a">unmediated</subfield>
    <subfield code="2">rdamedia</subfield>
  </datafield>
  <datafield tag="338" ind1=" " ind2=" ">
    <subfield code="a">volume</subfield>
    <subfield code="2">rdacarrier</subfield>
  </datafield>
  <datafield tag="504" ind1=" " ind2=" ">
    <subfield code="a">Includes bibliographical references and index.</subfield>
  </datafield>
  <datafield tag="505" ind1="0" ind2=" ">
    <subfield code="a">Introduction / Nathan Hall, Abbee Corb, Paul Giannasi, and John Grieve -- Theories and concepts -- Framing the boundaries of hate crime / Neil Chakraborti -- Beyond the silo : rethinking hate crime and intersectionality / Hannah Mason-Bish -- The personal injuries of hate crime / Paul Iganski and Spiridoula Lagou -- Exploring the community impacts of hate crime / Barbara Perry -- Legislating against hate / Gail Mason -- Explaining hate crimes : sociological and criminological perspectives / Nathan Hall -- Explaining hate crimes : perspectives from the wider social sciences / Nathan Hall -- The international geography of hate -- Hate crimes in Europe / Mike Whine -- Hate crimes in the UK / Paul Giannasi -- Sectarianism and hate crime in Northern Ireland / Marian Duggan -- Global antisemitism / Dave Rich -- The European extreme right / Emmanuel Godin -- Hate crimes in the United States / Jordan Blair Woods -- Hate crimes in Canada / Abbee Corb -- A governance of denial : hate crime in Australia and New Zealand / Nicole Asquith -- Key issues in hate crime -- Hate crimes against disabled people / Chih Hoong Sin -- Disability hostility, harassment and violence in the UK / Paul Hamilton and Loretta Trickett -- Alternative subcultures and hate crime / Jon Garland and Paul Hodkinson -- Hate crimes against gypsies, travellers and Roma in Europe / Zoe James -- Reflections on gendered masculine identities in targeted violence against ethnic minorities / Loretta Trickett -- LGBT hate crime / Leslie Moran -- Anti-transgender hate crimes Jordan / Blair Woods and Jody L. Herman -- Good and evil on the internet / Sol Littman -- Online hatred / Sarah Rohlfing -- Online hate and cyber-bigotry: a glance at our radicalized online world Abbee Corb -- Hate crimes in sport / Nick Hawkins -- Combating hate and hate crime -- Policing and hate crime / Paul Giannasi -- Intelligence-led approaches to combating hate crime / John Grieve -- Forensic science and hate crime / Paul Smith -- You&apos;re a victim, don&apos;t become an offender : a study of the &quot;moral career&quot; of racist hate crime victims / Corinne Funnell -- Working with offenders / Liz Dixon and David Court -- Rehabilitative programmes for hate offenders / Eila Davis -- Repairing the harms of hate crime : a restorative justice approach / Mark Walters -- Challenging sectarianism / Graham Spencer -- Deradicalisation / Daniel Koehler.</subfield>
  </datafield>
  <datafield tag="650" ind1=" " ind2="0">
    <subfield code="a">Hate crimes</subfield>
    <subfield code="v">Handbooks, manuals, etc.</subfield>
  </datafield>
  <datafield tag="700" ind1="1" ind2=" ">
    <subfield code="a">Hall, Nathan,</subfield>
    <subfield code="e">editor of compilation.</subfield>
  </datafield>
</record>