
<record>
  <leader>02634cam a22003257i 4500</leader>
  <controlfield tag="001">18097958</controlfield>
  <controlfield tag="005">20200103120456.0</controlfield>
  <controlfield tag="008">140401s2015    cau      b    001 0 eng  </controlfield>
  <datafield tag="906" ind1=" " ind2=" ">
    <subfield code="a">7</subfield>
    <subfield code="b">cbc</subfield>
    <subfield code="c">orignew</subfield>
    <subfield code="d">1</subfield>
    <subfield code="e">ecip</subfield>
    <subfield code="f">20</subfield>
    <subfield code="g">y-gencatlg</subfield>
  </datafield>
  <datafield tag="925" ind1="0" ind2=" ">
    <subfield code="a">acquire</subfield>
    <subfield code="b">1 shelf copy</subfield>
    <subfield code="x">policy default</subfield>
  </datafield>
  <datafield tag="955" ind1=" " ind2=" ">
    <subfield code="b">rm07 2014-04-01</subfield>
    <subfield code="i">rm07 2014-04-01 (telework) to Dewey</subfield>
    <subfield code="w">xl03 2014-04-02</subfield>
    <subfield code="a">xn08 2014-10-09 1 copy rec&apos;d., to CIP ver.</subfield>
    <subfield code="f">rm06 2015-08-03 to BCCD</subfield>
  </datafield>
  <datafield tag="010" ind1=" " ind2=" ">
    <subfield code="a">  2014012082</subfield>
  </datafield>
  <datafield tag="020" ind1=" " ind2=" ">
    <subfield code="a">9781452276434 (pbk. : alk. paper)</subfield>
  </datafield>
  <datafield tag="040" ind1=" " ind2=" ">
    <subfield code="a">DLC</subfield>
    <subfield code="b">eng</subfield>
    <subfield code="c">DLC</subfield>
    <subfield code="e">rda</subfield>
    <subfield code="d">DLC</subfield>
  </datafield>
  <datafield tag="050" ind1="0" ind2="0">
    <subfield code="a">BF204.6</subfield>
    <subfield code="b">.S69 2015</subfield>
  </datafield>
  <datafield tag="082" ind1="0" ind2="0">
    <subfield code="a">150.19/88</subfield>
    <subfield code="2">23</subfield>
  </datafield>
  <datafield tag="100" ind1="1" ind2=" ">
    <subfield code="a">Snyder, C. R.</subfield>
  </datafield>
  <datafield tag="245" ind1="1" ind2="0">
    <subfield code="a">Positive psychology :</subfield>
    <subfield code="b">the scientific and practical explorations of human strengths /</subfield>
    <subfield code="c">Shane J. Lopez, Gallup/Clifton Strengths School, Jennifer Teramoto Pedrotti, California Polytechnic State University, San Luis Obispo, C.R. Snyder, University of Kansas, Lawrence.</subfield>
  </datafield>
  <datafield tag="250" ind1=" " ind2=" ">
    <subfield code="a">Third edition.</subfield>
  </datafield>
  <datafield tag="264" ind1=" " ind2="1">
    <subfield code="a">Los Angeles :</subfield>
    <subfield code="b">SAGE,</subfield>
    <subfield code="c">[2015]</subfield>
  </datafield>
  <datafield tag="300" ind1=" " ind2=" ">
    <subfield code="a">xxvi, 571 pages ;</subfield>
    <subfield code="c">23 cm</subfield>
  </datafield>
  <datafield tag="336" ind1=" " ind2=" ">
    <subfield code="a">text</subfield>
    <subfield code="b">txt</subfield>
    <subfield code="2">rdacontent</subfield>
  </datafield>
  <datafield tag="337" ind1=" " ind2=" ">
    <subfield code="a">unmediated</subfield>
    <subfield code="b">n</subfield>
    <subfield code="2">rdamedia</subfield>
  </datafield>
  <datafield tag="338" ind1=" " ind2=" ">
    <subfield code="a">volume</subfield>
    <subfield code="b">nc</subfield>
    <subfield code="2">rdacarrier</subfield>
  </datafield>
  <datafield tag="504" ind1=" " ind2=" ">
    <subfield code="a">Includes bibliographical references and indexes.</subfield>
  </datafield>
  <datafield tag="505" ind1="0" ind2=" ">
    <subfield code="a">Welcome to positive psychology -- Eastern and western perspectives on positive psychology : how me + we = us might bridge the gap -- Classifications and measures of strengths and positive outcomes -- The role of culture in developing strengths and living well -- Living well at every stage of life -- The principles of pleasure: understanding positive affect, positive emotions, happiness, and well-being -- Making the most of emotional experiences : emotion-focused coping, emotional intelligence, socioemotional selectivity, and emotional storytelling -- Seeing our futures through self-efficacy, optimism, and hope -- Wisdom and courage : characteristics of the wise and the brave -- Mindfulness, flow, and spirituality : in search of optimal experiences -- Empathy and egotism : portals to altruism, gratitude, and forgiveness -- Attachment, love, and flourishing relationships -- Balanced conceptualizations of mental health and behavior -- Preventing the bad and promoting the good -- Positive schooling and good work : the psychology of gainful employment and the education that gets us there -- The future of positive psychology : a conversation with between the authors.</subfield>
  </datafield>
  <datafield tag="650" ind1=" " ind2="0">
    <subfield code="a">Positive psychology.</subfield>
  </datafield>
  <datafield tag="700" ind1="1" ind2=" ">
    <subfield code="a">Lopez, Shane J.</subfield>
  </datafield>
  <datafield tag="700" ind1="1" ind2=" ">
    <subfield code="a">Pedrotti, Jennifer Teramoto.</subfield>
  </datafield>
  <datafield tag="775" ind1="0" ind2="8">
    <subfield code="i">Revision of:</subfield>
    <subfield code="a">Snyder, C. R.</subfield>
    <subfield code="t">Positive psychology</subfield>
    <subfield code="d">Thousand Oaks, Calif. : SAGE Publications, c2007</subfield>
    <subfield code="w">(DLC) 2006004955</subfield>
  </datafield>
</record>