
<record>
  <leader>03530cam a22004937i 4500</leader>
  <controlfield tag="001">18127802</controlfield>
  <controlfield tag="005">20200103120456.0</controlfield>
  <controlfield tag="008">140422t20152015nyua     b    001 0 eng  </controlfield>
  <datafield tag="906" ind1=" " ind2=" ">
    <subfield code="a">7</subfield>
    <subfield code="b">cbc</subfield>
    <subfield code="c">orignew</subfield>
    <subfield code="d">1</subfield>
    <subfield code="e">ecip</subfield>
    <subfield code="f">20</subfield>
    <subfield code="g">y-gencatlg</subfield>
  </datafield>
  <datafield tag="925" ind1="0" ind2=" ">
    <subfield code="a">acquire</subfield>
    <subfield code="b">1 shelf copy</subfield>
    <subfield code="x">policy default</subfield>
  </datafield>
  <datafield tag="955" ind1=" " ind2=" ">
    <subfield code="d">xl05 2014-04-25</subfield>
    <subfield code="w">xl05 2014-04-25 (telework)</subfield>
    <subfield code="a">xn12 2015-04-20 1 copy rec&apos;d., to CIP ver.</subfield>
    <subfield code="f">rl09 2015-04-30 ; to BCCD</subfield>
  </datafield>
  <datafield tag="010" ind1=" " ind2=" ">
    <subfield code="a">  2014016027</subfield>
  </datafield>
  <datafield tag="020" ind1=" " ind2=" ">
    <subfield code="a">9780826130259 (pbk.)</subfield>
  </datafield>
  <datafield tag="020" ind1=" " ind2=" ">
    <subfield code="a">0826130259 (pbk.)</subfield>
  </datafield>
  <datafield tag="020" ind1=" " ind2=" ">
    <subfield code="z">9780826130266 (E-book)</subfield>
  </datafield>
  <datafield tag="035" ind1=" " ind2=" ">
    <subfield code="a">(DNLM)101630991</subfield>
  </datafield>
  <datafield tag="040" ind1=" " ind2=" ">
    <subfield code="a">DNLM/DLC</subfield>
    <subfield code="c">DLC</subfield>
    <subfield code="e">rda</subfield>
  </datafield>
  <datafield tag="050" ind1="0" ind2="0">
    <subfield code="a">RT73</subfield>
    <subfield code="b">.D65 2015</subfield>
  </datafield>
  <datafield tag="060" ind1="1" ind2="0">
    <subfield code="a">WY 128</subfield>
  </datafield>
  <datafield tag="082" ind1="0" ind2="0">
    <subfield code="a">610.73072</subfield>
    <subfield code="2">23</subfield>
  </datafield>
  <datafield tag="245" ind1="0" ind2="0">
    <subfield code="a">DNP capstone projects :</subfield>
    <subfield code="b">exemplars of excellence in practice /</subfield>
    <subfield code="c">Barbara A. Anderson, DrPH, CNM, FACNM, FAAN, Joyce M. Knestrick, PhD, CRNP, FAANP, Rebeca Barroso, DNP, CNM, editors.</subfield>
  </datafield>
  <datafield tag="246" ind1="3" ind2=" ">
    <subfield code="a">Doctor of nursing practice capstone projects</subfield>
  </datafield>
  <datafield tag="264" ind1=" " ind2="1">
    <subfield code="a">New York :</subfield>
    <subfield code="b">Springer Publishing Company,</subfield>
    <subfield code="c">[2015]</subfield>
  </datafield>
  <datafield tag="264" ind1=" " ind2="4">
    <subfield code="c">[2015]</subfield>
  </datafield>
  <datafield tag="300" ind1=" " ind2=" ">
    <subfield code="a">xv, 190 pages :</subfield>
    <subfield code="b">illustrations ;</subfield>
    <subfield code="c">26 cm</subfield>
  </datafield>
  <datafield tag="336" ind1=" " ind2=" ">
    <subfield code="a">text</subfield>
    <subfield code="2">rdacontent</subfield>
  </datafield>
  <datafield tag="337" ind1=" " ind2=" ">
    <subfield code="a">unmediated</subfield>
    <subfield code="2">rdamedia</subfield>
  </datafield>
  <datafield tag="338" ind1=" " ind2=" ">
    <subfield code="a">volume</subfield>
    <subfield code="2">rdacarrier</subfield>
  </datafield>
  <datafield tag="504" ind1=" " ind2=" ">
    <subfield code="a">Includes bibliographical references and index.</subfield>
  </datafield>
  <datafield tag="505" ind1="0" ind2=" ">
    <subfield code="a">The emergence and impact of the DNP degree on clinical practice / Bobbie Berkowitz -- BSN-DNP : the journey to exemplary capstone projects / Judith A. Kaufman -- The DNP essentials and the evidence-based practice framework : foundations of a capstone exemplar / Pamela Lusk, Bernardette Mazurek Melnyk, and Lynn Gallagher Ford -- Burnout as a barrier to practice among nurse midwives : examining the evidence / Rebeca Barroso -- Changing the paradigm : diabetic group visits in a primary care setting / Gwendolyn Short -- Promoting compassion fatigue resiliency among emergency department nurses / Kathleen Flarity, Elizabeth Holcomb, Eric Gentry -- Micro-costing analysis of a freestanding birth center : development of a data collection tool / Linda Cole, Kathryn Osborne, Xiao Xu -- High fidelity simulation in graduate education : impact on learning and practice / Tia P. Andrighetti, Joyce M. Knestrick -- Medicare reimbursement and the nurse practitioner : an issue of equity / Gigi Whaley-Pryor -- Enhancement of neonatal hypothermia prevention and recognition skills in rural Uganda / Elizabeth Whitworth, Barbara A. Anderson -- Hypertension group healthcare visits : improving clinical outcomes -- Heather Shlosser, Edie Devers Barbero -- The clinical case narrative : preparing the DNP nurse to deliver comprehensive care / Janice Smolowitz, Judy Honig -- The impact of DNP projects on quality and safety in health care organizations / Carol M. Patton -- Implementation and dissemination of DNP practice scholarship / David G. O&apos;Dell.</subfield>
  </datafield>
  <datafield tag="650" ind1=" " ind2="0">
    <subfield code="a">Nurse practitioners</subfield>
    <subfield code="z">United States.</subfield>
  </datafield>
  <datafield tag="650" ind1=" " ind2="0">
    <subfield code="a">Midwives</subfield>
    <subfield code="z">United States.</subfield>
  </datafield>
  <datafield tag="650" ind1=" " ind2="0">
    <subfield code="a">Nursing</subfield>
    <subfield code="x">Study and teaching (Graduate)</subfield>
    <subfield code="z">United States.</subfield>
  </datafield>
  <datafield tag="650" ind1=" " ind2="0">
    <subfield code="a">Doctor of philosophy degree</subfield>
    <subfield code="z">United States.</subfield>
  </datafield>
  <datafield tag="650" ind1=" " ind2="0">
    <subfield code="a">Nursing</subfield>
    <subfield code="x">Research</subfield>
    <subfield code="z">United States.</subfield>
  </datafield>
  <datafield tag="650" ind1="1" ind2="2">
    <subfield code="a">Advanced Practice Nursing</subfield>
    <subfield code="z">United States.</subfield>
  </datafield>
  <datafield tag="650" ind1="2" ind2="2">
    <subfield code="a">Education, Nursing, Graduate</subfield>
    <subfield code="z">United States.</subfield>
  </datafield>
  <datafield tag="650" ind1="2" ind2="2">
    <subfield code="a">Evidence-Based Nursing</subfield>
    <subfield code="z">United States.</subfield>
  </datafield>
  <datafield tag="650" ind1="2" ind2="2">
    <subfield code="a">Nurse&apos;s Role</subfield>
    <subfield code="z">United States.</subfield>
  </datafield>
  <datafield tag="650" ind1="2" ind2="2">
    <subfield code="a">Nursing Research</subfield>
    <subfield code="z">United States.</subfield>
  </datafield>
  <datafield tag="700" ind1="1" ind2=" ">
    <subfield code="a">Anderson, Barbara A.</subfield>
    <subfield code="q">(Barbara Alice),</subfield>
    <subfield code="d">1944-</subfield>
    <subfield code="e">editor.</subfield>
  </datafield>
  <datafield tag="700" ind1="1" ind2=" ">
    <subfield code="a">Knestrick, Joyce M.,</subfield>
    <subfield code="e">editor.</subfield>
  </datafield>
  <datafield tag="700" ind1="1" ind2=" ">
    <subfield code="a">Barroso, Rebeca,</subfield>
    <subfield code="e">editor.</subfield>
  </datafield>
  <datafield tag="985" ind1=" " ind2=" ">
    <subfield code="a">NLMCIP</subfield>
    <subfield code="d">2014-04-25</subfield>
  </datafield>
</record>