
<record>
  <leader>02713cam a22003377i 4500</leader>
  <controlfield tag="001">18136448</controlfield>
  <controlfield tag="005">20200103120456.0</controlfield>
  <controlfield tag="008">140502s2015    nyu           000 0 eng  </controlfield>
  <datafield tag="906" ind1=" " ind2=" ">
    <subfield code="a">0</subfield>
    <subfield code="b">vip</subfield>
    <subfield code="c">orignew</subfield>
    <subfield code="d">1</subfield>
    <subfield code="e">ecip</subfield>
    <subfield code="f">20</subfield>
    <subfield code="g">y-gencatlg</subfield>
  </datafield>
  <datafield tag="925" ind1="0" ind2=" ">
    <subfield code="a">acquire</subfield>
    <subfield code="b">1 shelf copy</subfield>
    <subfield code="x">policy default</subfield>
    <subfield code="e">claim1  2015-03-11</subfield>
  </datafield>
  <datafield tag="955" ind1=" " ind2=" ">
    <subfield code="b">rm13 2014-05-02</subfield>
    <subfield code="i">rm13 2014-05-02 ONIX (telework) email to publ</subfield>
    <subfield code="w">xl04 2014-05-08</subfield>
    <subfield code="a">xn11 2015-05-21 1 copy rec&apos;d., to CIP ver.</subfield>
  </datafield>
  <datafield tag="010" ind1=" " ind2=" ">
    <subfield code="a">  2014013680</subfield>
  </datafield>
  <datafield tag="020" ind1=" " ind2=" ">
    <subfield code="a">9780415854603 (hardback)</subfield>
  </datafield>
  <datafield tag="020" ind1=" " ind2=" ">
    <subfield code="a">9780415854610 (pbk)</subfield>
  </datafield>
  <datafield tag="020" ind1=" " ind2=" ">
    <subfield code="z">9781315752457 (ebk)</subfield>
  </datafield>
  <datafield tag="040" ind1=" " ind2=" ">
    <subfield code="a">DLC</subfield>
    <subfield code="b">eng</subfield>
    <subfield code="c">DLC</subfield>
    <subfield code="e">rda</subfield>
    <subfield code="d">DLC</subfield>
  </datafield>
  <datafield tag="050" ind1="0" ind2="0">
    <subfield code="a">BF636.6</subfield>
    <subfield code="b">.J67 2015</subfield>
  </datafield>
  <datafield tag="082" ind1="0" ind2="0">
    <subfield code="a">158.3</subfield>
    <subfield code="2">23</subfield>
  </datafield>
  <datafield tag="084" ind1=" " ind2=" ">
    <subfield code="a">PSY010000</subfield>
    <subfield code="2">bisacsh</subfield>
  </datafield>
  <datafield tag="100" ind1="1" ind2=" ">
    <subfield code="a">Jordan, Martin,</subfield>
    <subfield code="d">1967-</subfield>
  </datafield>
  <datafield tag="245" ind1="1" ind2="0">
    <subfield code="a">Nature and therapy :</subfield>
    <subfield code="b">understanding counselling and psychotherapy in outdoor spaces /</subfield>
    <subfield code="c">Martin Jordan.</subfield>
  </datafield>
  <datafield tag="250" ind1=" " ind2=" ">
    <subfield code="a">Dual First.</subfield>
  </datafield>
  <datafield tag="264" ind1=" " ind2="1">
    <subfield code="a">New York :</subfield>
    <subfield code="b">Routledge, Taylor &amp; Francis Group,</subfield>
    <subfield code="c">2015.</subfield>
  </datafield>
  <datafield tag="300" ind1=" " ind2=" ">
    <subfield code="a">xiv, 141 pages ;</subfield>
    <subfield code="c">24 cm</subfield>
  </datafield>
  <datafield tag="336" ind1=" " ind2=" ">
    <subfield code="a">text</subfield>
    <subfield code="2">rdacontent</subfield>
  </datafield>
  <datafield tag="337" ind1=" " ind2=" ">
    <subfield code="a">unmediated</subfield>
    <subfield code="2">rdamedia</subfield>
  </datafield>
  <datafield tag="338" ind1=" " ind2=" ">
    <subfield code="a">volume</subfield>
    <subfield code="2">rdacarrier</subfield>
  </datafield>
  <datafield tag="520" ind1=" " ind2=" ">
    <subfield code="a">&quot;Recent decades have seen an increasing interest in the healing and therapeutic potential of nature and interest in the potential of greencare interventions for the benefit of mental health. The field of nature based therapies is expanding in line with this interest. Nature and Therapy offers a unique contribution by outlining the specific processes involved in conducting counselling and psychotherapy sessions in outdoor natural environments.Central areas covered in the book include:A thorough exploration of the evidence for the psychological and healing potential of natural spaces; Developing a therapeutic rationale for nature based therapeutic work;Understanding the therapeutic relationship and the unique therapeutic processes that come into play in outdoor natural spaces; Translating indoor therapeutic work to outdoor contexts;The practicalities of setting up and running a therapy session outside of a room environment;Experiential exercises to explore the therapeutic potential of nature. Martin Jordan offers a clear outline of how to set up and hold a therapeutic session outdoors. Using case examples Nature and Therapy explores both the practicalities and the therapeutic processes that come into play in an outdoor natural setting. The book will be of use to counsellors, psychotherapists, arts therapists, psychologists and health professionals who are interested in taking their therapeutic work into natural environments and outdoor spaces. &quot;--</subfield>
    <subfield code="c">Provided by publisher.</subfield>
  </datafield>
  <datafield tag="650" ind1=" " ind2="0">
    <subfield code="a">Counseling.</subfield>
  </datafield>
  <datafield tag="650" ind1=" " ind2="0">
    <subfield code="a">Psychotherapy.</subfield>
  </datafield>
  <datafield tag="650" ind1=" " ind2="7">
    <subfield code="a">PSYCHOLOGY / Psychotherapy / Counseling.</subfield>
    <subfield code="2">bisacsh</subfield>
  </datafield>
</record>