
<record>
  <leader>02312cam a22004217i 4500</leader>
  <controlfield tag="001">18180959</controlfield>
  <controlfield tag="005">20200103120457.0</controlfield>
  <controlfield tag="008">140605s2015    mou      b    001 0 eng  </controlfield>
  <datafield tag="906" ind1=" " ind2=" ">
    <subfield code="a">7</subfield>
    <subfield code="b">cbc</subfield>
    <subfield code="c">orignew</subfield>
    <subfield code="d">1</subfield>
    <subfield code="e">ecip</subfield>
    <subfield code="f">20</subfield>
    <subfield code="g">y-gencatlg</subfield>
  </datafield>
  <datafield tag="925" ind1="0" ind2=" ">
    <subfield code="a">acquire</subfield>
    <subfield code="b">1 shelf copy</subfield>
    <subfield code="x">policy default</subfield>
  </datafield>
  <datafield tag="955" ind1=" " ind2=" ">
    <subfield code="d">xl03 2014-06-09</subfield>
    <subfield code="w">xl03 2014-06-09</subfield>
    <subfield code="a">xn11 2016-03-17 1 copy rec&apos;d., to CIP ver.</subfield>
    <subfield code="a">rl00 2016-03-24 to SMA</subfield>
    <subfield code="c">rl11 2016-03-25 (240 added)</subfield>
    <subfield code="f">rl09 2016-03-25 ; to BCCD</subfield>
  </datafield>
  <datafield tag="010" ind1=" " ind2=" ">
    <subfield code="a">  2014022016</subfield>
  </datafield>
  <datafield tag="020" ind1=" " ind2=" ">
    <subfield code="a">9780323316521 (pbk.)</subfield>
  </datafield>
  <datafield tag="020" ind1=" " ind2=" ">
    <subfield code="a">0323316522 (pbk.)</subfield>
  </datafield>
  <datafield tag="035" ind1=" " ind2=" ">
    <subfield code="a">(DNLM)101634093</subfield>
  </datafield>
  <datafield tag="040" ind1=" " ind2=" ">
    <subfield code="a">DNLM/DLC</subfield>
    <subfield code="b">eng</subfield>
    <subfield code="c">DLC</subfield>
    <subfield code="e">rda</subfield>
    <subfield code="d">DLC</subfield>
  </datafield>
  <datafield tag="050" ind1="0" ind2="0">
    <subfield code="a">RT84.5</subfield>
    <subfield code="b">.C49 2015</subfield>
  </datafield>
  <datafield tag="060" ind1="1" ind2="0">
    <subfield code="a">WY 86</subfield>
  </datafield>
  <datafield tag="082" ind1="0" ind2="0">
    <subfield code="a">610.7301</subfield>
    <subfield code="2">23</subfield>
  </datafield>
  <datafield tag="100" ind1="1" ind2=" ">
    <subfield code="a">Chinn, Peggy L.,</subfield>
    <subfield code="e">author.</subfield>
  </datafield>
  <datafield tag="240" ind1="1" ind2="0">
    <subfield code="a">Integrated theory and knowledge development in nursing</subfield>
  </datafield>
  <datafield tag="245" ind1="1" ind2="0">
    <subfield code="a">Knowledge development in nursing :</subfield>
    <subfield code="b">theory and process /</subfield>
    <subfield code="c">Peggy L. Chinn, RN, PhD, FAAN, Professor Emerita, School of Nursing, University of Connecticut, Storrs, Connecticut, Maeona K. Kramer, APRN, PhD, Professor Emerita, College of Nursing, University of Utah, Salt Lake City, Utah.</subfield>
  </datafield>
  <datafield tag="250" ind1=" " ind2=" ">
    <subfield code="a">Ninth edition.</subfield>
  </datafield>
  <datafield tag="264" ind1=" " ind2="1">
    <subfield code="a">St. Louis, Missouri :</subfield>
    <subfield code="b">Elsevier Mosby,</subfield>
    <subfield code="c">[2015]</subfield>
  </datafield>
  <datafield tag="300" ind1=" " ind2=" ">
    <subfield code="a">xi, 274 pages :</subfield>
    <subfield code="b">illustrations ;</subfield>
    <subfield code="c">23 cm</subfield>
  </datafield>
  <datafield tag="336" ind1=" " ind2=" ">
    <subfield code="a">text</subfield>
    <subfield code="2">rdacontent</subfield>
  </datafield>
  <datafield tag="337" ind1=" " ind2=" ">
    <subfield code="a">unmediated</subfield>
    <subfield code="2">rdamedia</subfield>
  </datafield>
  <datafield tag="338" ind1=" " ind2=" ">
    <subfield code="a">volume</subfield>
    <subfield code="2">rdacarrier</subfield>
  </datafield>
  <datafield tag="500" ind1=" " ind2=" ">
    <subfield code="a">Preceded by Integrated theory and knowledge development in nursing / Peggy L. Chinn, Maeona K. Kramer. 8th ed. c2011.</subfield>
  </datafield>
  <datafield tag="504" ind1=" " ind2=" ">
    <subfield code="a">Includes bibliographical references and index.</subfield>
  </datafield>
  <datafield tag="505" ind1="0" ind2=" ">
    <subfield code="a">Nursing&apos;s fundamental patterns of knowing -- The history of knowledge development in nursing -- Emancipatory knowledge development -- Ethical knowledge development -- Personal knowledge development -- Aesthetic knowledge development -- Empiric knowledge development: conceptualizing and -- Structuring -- Description and critical reflection of empiric theory -- Confirmation and validation of empiric knowledge -- Using research -- Confirmation and validation of empiric knowledge in practice.</subfield>
  </datafield>
  <datafield tag="650" ind1=" " ind2="0">
    <subfield code="a">Nursing</subfield>
    <subfield code="x">Philosophy.</subfield>
  </datafield>
  <datafield tag="650" ind1="1" ind2="2">
    <subfield code="a">Nursing Theory.</subfield>
  </datafield>
  <datafield tag="650" ind1="2" ind2="2">
    <subfield code="a">Knowledge.</subfield>
  </datafield>
  <datafield tag="650" ind1="2" ind2="2">
    <subfield code="a">Philosophy, Nursing.</subfield>
  </datafield>
  <datafield tag="700" ind1="1" ind2=" ">
    <subfield code="a">Kramer, Maeona K.,</subfield>
    <subfield code="e">author.</subfield>
  </datafield>
  <datafield tag="952" ind1=" " ind2=" ">
    <subfield code="a">To LC: Prev. ed. LCCN 2010033825</subfield>
  </datafield>
  <datafield tag="985" ind1=" " ind2=" ">
    <subfield code="a">NLMCIP</subfield>
    <subfield code="d">2014-06-09</subfield>
  </datafield>
</record>