
<record>
  <leader>03653cam a22003977i 4500</leader>
  <controlfield tag="001">18187319</controlfield>
  <controlfield tag="005">20200103120458.0</controlfield>
  <controlfield tag="008">140613s2015    enk      b    001 0 eng  </controlfield>
  <datafield tag="906" ind1=" " ind2=" ">
    <subfield code="a">7</subfield>
    <subfield code="b">cbc</subfield>
    <subfield code="c">orignew</subfield>
    <subfield code="d">1</subfield>
    <subfield code="e">ecip</subfield>
    <subfield code="f">20</subfield>
    <subfield code="g">y-gencatlg</subfield>
  </datafield>
  <datafield tag="925" ind1="0" ind2=" ">
    <subfield code="a">acquire</subfield>
    <subfield code="b">1 shelf copy</subfield>
    <subfield code="x">policy default</subfield>
    <subfield code="e">claim1  2015-04-30</subfield>
    <subfield code="e">claim2  2015-08-26</subfield>
    <subfield code="e">to CAD  2015-12-02</subfield>
  </datafield>
  <datafield tag="955" ind1=" " ind2=" ">
    <subfield code="b">rm15 2014-06-13</subfield>
    <subfield code="c">rm15 2014-06-13 ONIX</subfield>
    <subfield code="i">rm15 2014-06-13 (telework)</subfield>
    <subfield code="a">rm15 2014-06-13 to Dewey</subfield>
    <subfield code="w">xb07 2014-06-16</subfield>
    <subfield code="a">xn11 2017-02-09 1 copy rec&apos;d., to CIP ver.</subfield>
    <subfield code="f">rm06 2017-03-01 to BCCD</subfield>
  </datafield>
  <datafield tag="010" ind1=" " ind2=" ">
    <subfield code="a">  2014021371</subfield>
  </datafield>
  <datafield tag="020" ind1=" " ind2=" ">
    <subfield code="a">9781118609743 (paperback)</subfield>
  </datafield>
  <datafield tag="040" ind1=" " ind2=" ">
    <subfield code="a">DLC</subfield>
    <subfield code="b">eng</subfield>
    <subfield code="c">DLC</subfield>
    <subfield code="e">rda</subfield>
    <subfield code="d">DLC</subfield>
  </datafield>
  <datafield tag="043" ind1=" " ind2=" ">
    <subfield code="a">e-uk---</subfield>
  </datafield>
  <datafield tag="050" ind1="0" ind2="0">
    <subfield code="a">HT169.G72</subfield>
    <subfield code="b">L6175 2015</subfield>
  </datafield>
  <datafield tag="082" ind1="0" ind2="0">
    <subfield code="a">307.1/21609421</subfield>
    <subfield code="2">23</subfield>
  </datafield>
  <datafield tag="084" ind1=" " ind2=" ">
    <subfield code="a">ARC010000</subfield>
    <subfield code="2">bisacsh</subfield>
  </datafield>
  <datafield tag="100" ind1="1" ind2=" ">
    <subfield code="a">Clark, Greg,</subfield>
    <subfield code="d">1962-</subfield>
  </datafield>
  <datafield tag="245" ind1="1" ind2="4">
    <subfield code="a">The making of a world city :</subfield>
    <subfield code="b">London 1991 to 2021 /</subfield>
    <subfield code="c">Greg Clark.</subfield>
  </datafield>
  <datafield tag="264" ind1=" " ind2="1">
    <subfield code="a">Chichester, West Sussex, United Kingdom :</subfield>
    <subfield code="b">Wiley/ Blackwell,</subfield>
    <subfield code="c">2015.</subfield>
  </datafield>
  <datafield tag="300" ind1=" " ind2=" ">
    <subfield code="a">xvii, 223 pages ;</subfield>
    <subfield code="c">24 cm</subfield>
  </datafield>
  <datafield tag="336" ind1=" " ind2=" ">
    <subfield code="a">text</subfield>
    <subfield code="2">rdacontent</subfield>
  </datafield>
  <datafield tag="337" ind1=" " ind2=" ">
    <subfield code="a">unmediated</subfield>
    <subfield code="2">rdamedia</subfield>
  </datafield>
  <datafield tag="338" ind1=" " ind2=" ">
    <subfield code="a">volume</subfield>
    <subfield code="2">rdacarrier</subfield>
  </datafield>
  <datafield tag="504" ind1=" " ind2=" ">
    <subfield code="a">Includes bibliographical references (pages 197-218) and index.</subfield>
  </datafield>
  <datafield tag="520" ind1=" " ind2=" ">
    <subfield code="a">&quot; In 1986 the UK Government abolished city government in London, and there was a vacuum of ideas and directions for the future of this once great city. But somehow London flourished and in 1991 the word &apos;world city&apos; was used to describe its agenda or the future in a ground breaking report. 20 years later London is the leading city in the world. How did they do that? The text is based around interviews with 60 key urban thinkers and practitioners from around the world, backed up by data and charts, regarding their views on London&apos;s past, current and future position and challenges as a World City. The study was inspired by the untimely death of Honor Chapman and has been funded by 5 of the property markets&apos; key players, Grosvenor, Land Securities, Great Portland Estates, the London Communications Agency and ourselves. Honor was renowned and highly respected for her analysis and insights into cities and their property markets and her involvement in the original 1991 book, London World City was testament to this. The recommendations that came from that project laid many of the foundations of modern city marketing and certainly were instrumental in making London what it is today. The study gives a detailed guide to how London&apos;s governance was set up and of the stages of the cities evolution, as well as thoughts from many of the world&apos;s leading urban thinkers on where to go from here. Cities are of course high on national and regional agendas at the moment as we all try to work out the impact of urbanisation; for this reason we feel that there is a ready international market for understanding  &quot;how London did it&quot; and what it will do next&quot;--</subfield>
    <subfield code="c">Provided by publisher.</subfield>
  </datafield>
  <datafield tag="520" ind1=" " ind2=" ">
    <subfield code="a">&quot;Provides a detailed case study of one city but grounded in the experience of many cities worldwide and will enable comparison&quot;--</subfield>
    <subfield code="c">Provided by publisher.</subfield>
  </datafield>
  <datafield tag="650" ind1=" " ind2="0">
    <subfield code="a">City planning</subfield>
    <subfield code="z">England</subfield>
    <subfield code="z">London.</subfield>
  </datafield>
  <datafield tag="650" ind1=" " ind2="0">
    <subfield code="a">Urban policy</subfield>
    <subfield code="z">England</subfield>
    <subfield code="z">London.</subfield>
  </datafield>
  <datafield tag="650" ind1=" " ind2="0">
    <subfield code="a">Community development</subfield>
    <subfield code="z">England</subfield>
    <subfield code="z">London.</subfield>
  </datafield>
  <datafield tag="651" ind1=" " ind2="0">
    <subfield code="a">London (England)</subfield>
  </datafield>
  <datafield tag="650" ind1=" " ind2="7">
    <subfield code="a">ARCHITECTURE / Urban &amp; Land Use Planning.</subfield>
    <subfield code="2">bisacsh</subfield>
  </datafield>
  <datafield tag="776" ind1="0" ind2="8">
    <subfield code="i">Online version:</subfield>
    <subfield code="a">Clark, Greg, 1962-</subfield>
    <subfield code="t">Making of a world city</subfield>
    <subfield code="d">Chichester, West Sussex, United Kingdom : Wiley-Blackwell, 2014</subfield>
    <subfield code="z">9781118609729</subfield>
    <subfield code="w">(DLC) 2014024043</subfield>
  </datafield>
  <datafield tag="856" ind1="4" ind2="2">
    <subfield code="3">Cover image</subfield>
    <subfield code="u">http://catalogimages.wiley.com/images/db/jimages/9781118609743.jpg</subfield>
  </datafield>
  <datafield tag="963" ind1=" " ind2=" ">
    <subfield code="a">Lesly Jean; phone: 201-748-6312; email: ljean@wiley.com; bc: jepeters@wiley.com</subfield>
  </datafield>
</record>