
<record>
  <leader>04437cam a22003857i 4500</leader>
  <controlfield tag="001">18214616</controlfield>
  <controlfield tag="005">20200103120500.0</controlfield>
  <controlfield tag="008">140707s2015    nyu      b    001 0 eng  </controlfield>
  <datafield tag="906" ind1=" " ind2=" ">
    <subfield code="a">7</subfield>
    <subfield code="b">cbc</subfield>
    <subfield code="c">orignew</subfield>
    <subfield code="d">1</subfield>
    <subfield code="e">ecip</subfield>
    <subfield code="f">20</subfield>
    <subfield code="g">y-gencatlg</subfield>
  </datafield>
  <datafield tag="925" ind1="0" ind2=" ">
    <subfield code="a">acquire</subfield>
    <subfield code="b">2 shelf copies</subfield>
    <subfield code="x">policy default (ex.)</subfield>
  </datafield>
  <datafield tag="955" ind1=" " ind2=" ">
    <subfield code="b">rm13 2014-07-07</subfield>
    <subfield code="i">rm13 2014-07-07 ONIX (telework)</subfield>
    <subfield code="w">xl03 2014-07-08</subfield>
    <subfield code="a">xn11 2015-02-20 1 copy rec&apos;d., to CIP ver.</subfield>
    <subfield code="f">rm06 2015-03-12 to CALM (Telework)</subfield>
    <subfield code="t">rm08 2017-09-26 copy 2 added</subfield>
  </datafield>
  <datafield tag="010" ind1=" " ind2=" ">
    <subfield code="a">  2014025515</subfield>
  </datafield>
  <datafield tag="020" ind1=" " ind2=" ">
    <subfield code="a">9780415700764 (hardback)</subfield>
  </datafield>
  <datafield tag="020" ind1=" " ind2=" ">
    <subfield code="a">9780415700771 (paperback)</subfield>
  </datafield>
  <datafield tag="020" ind1=" " ind2=" ">
    <subfield code="z">9780203799727 (ebook)</subfield>
  </datafield>
  <datafield tag="040" ind1=" " ind2=" ">
    <subfield code="a">DLC</subfield>
    <subfield code="b">eng</subfield>
    <subfield code="c">DLC</subfield>
    <subfield code="e">rda</subfield>
    <subfield code="d">DLC</subfield>
  </datafield>
  <datafield tag="050" ind1="0" ind2="0">
    <subfield code="a">HF1359</subfield>
    <subfield code="b">.N6496 2015</subfield>
  </datafield>
  <datafield tag="082" ind1="0" ind2="0">
    <subfield code="a">337</subfield>
    <subfield code="2">23</subfield>
  </datafield>
  <datafield tag="084" ind1=" " ind2=" ">
    <subfield code="a">BUS000000</subfield>
    <subfield code="a">BUS035000</subfield>
    <subfield code="2">bisacsh</subfield>
  </datafield>
  <datafield tag="100" ind1="1" ind2=" ">
    <subfield code="a">Nolt, James H.</subfield>
  </datafield>
  <datafield tag="245" ind1="1" ind2="0">
    <subfield code="a">International political economy :</subfield>
    <subfield code="b">the business of war and peace /</subfield>
    <subfield code="c">James H. Nolt.</subfield>
  </datafield>
  <datafield tag="250" ind1=" " ind2=" ">
    <subfield code="a">First Edition.</subfield>
  </datafield>
  <datafield tag="264" ind1=" " ind2="1">
    <subfield code="a">New York :</subfield>
    <subfield code="b">Routledge, Taylor &amp; Francis Group,</subfield>
    <subfield code="c">2015.</subfield>
  </datafield>
  <datafield tag="300" ind1=" " ind2=" ">
    <subfield code="a">xii, 238 pages ;</subfield>
    <subfield code="c">24 cm</subfield>
  </datafield>
  <datafield tag="336" ind1=" " ind2=" ">
    <subfield code="a">text</subfield>
    <subfield code="2">rdacontent</subfield>
  </datafield>
  <datafield tag="337" ind1=" " ind2=" ">
    <subfield code="a">unmediated</subfield>
    <subfield code="2">rdamedia</subfield>
  </datafield>
  <datafield tag="338" ind1=" " ind2=" ">
    <subfield code="a">volume</subfield>
    <subfield code="2">rdacarrier</subfield>
  </datafield>
  <datafield tag="520" ind1=" " ind2=" ">
    <subfield code="a">&quot;This book offers a completely new and unique introduction to the economics of international relations. It treats all the traditional major themes of international relations theory while giving each a refreshing new twist with the incorporation of the influence of private power, particularly in the realm of war and peace. It reframes the history of the modern global economy and politics by thoroughly purging the myth of the market, a systematic blindness to private power. It not only draws on, but also illuminates major themes and empirical findings of comparative politics, business history, business strategy, business cycle theory, social evolutionary theory as well as the practical wisdom of traders and investors. Part one introduces the major concepts of competing theories of international relations, emphasizing a unique approach, corporatism. Part two introduces the critical importance dynamic and oppositional analysis of issues. Part three traces the rise of the modern world from the mercantilist period until the rise of modern corporate organizations and the demise of imperialism in the crucible of World War I. Part four begins with the origins of the contemporary dominance of business internationalism before and during World War II, then analyzes three major facets of the postwar era: the unification of much of Europe, the industrialization of the Third World, and the Cold War and its aftermath. The final chapter considers the present and future of a fairly peaceful yet economically unstable world.This book presents a refreshing and exciting portrayal of the global economy which challenges every major subject from money to markets to the business cycle. This book eschews the economics of dull averages to restore the drama of contending business forces, struggling for wealth and, in the process, influencing war and peace&quot;--</subfield>
    <subfield code="c">Provided by publisher.</subfield>
  </datafield>
  <datafield tag="520" ind1=" " ind2=" ">
    <subfield code="a">&quot;This book offers a completely new and unique introduction to the economics of international relations. It treats all the traditional major themes of international relations theory while giving each a refreshing new twist with the incorporation of the influence of private power, particularly in the realm of war and peace. It reframes the history of the modern global economy and politics by thoroughly purging the myth of the market, a systematic blindness to private power. It not only draws on, but also illuminates major themes and empirical findings of comparative politics, business history, business strategy, business cycle theory, social evolutionary theory as well as the practical wisdom of traders and investors. This book presents a refreshing and exciting portrayal of the global economy which challenges every major subject from money to markets to the business cycle. This book eschews the economics of dull averages to restore the drama of contending business forces, struggling for wealth and, in the process, influencing war and peace&quot;--</subfield>
    <subfield code="c">Provided by publisher.</subfield>
  </datafield>
  <datafield tag="504" ind1=" " ind2=" ">
    <subfield code="a">Includes bibliographical references (pages 221-231) and index.</subfield>
  </datafield>
  <datafield tag="650" ind1=" " ind2="0">
    <subfield code="a">International economic relations.</subfield>
  </datafield>
  <datafield tag="650" ind1=" " ind2="0">
    <subfield code="a">Economic policy.</subfield>
  </datafield>
  <datafield tag="650" ind1=" " ind2="0">
    <subfield code="a">Business cycles.</subfield>
  </datafield>
  <datafield tag="650" ind1=" " ind2="7">
    <subfield code="a">BUSINESS &amp; ECONOMICS / General.</subfield>
    <subfield code="2">bisacsh</subfield>
  </datafield>
  <datafield tag="650" ind1=" " ind2="7">
    <subfield code="a">BUSINESS &amp; ECONOMICS / International / General.</subfield>
    <subfield code="2">bisacsh</subfield>
  </datafield>
</record>