
<record>
  <leader>03064cam a22003737i 4500</leader>
  <controlfield tag="001">18220252</controlfield>
  <controlfield tag="005">20200103120500.0</controlfield>
  <controlfield tag="008">140710s2015    nyu      b    001 0 eng  </controlfield>
  <datafield tag="906" ind1=" " ind2=" ">
    <subfield code="a">7</subfield>
    <subfield code="b">cbc</subfield>
    <subfield code="c">orignew</subfield>
    <subfield code="d">1</subfield>
    <subfield code="e">ecip</subfield>
    <subfield code="f">20</subfield>
    <subfield code="g">y-gencatlg</subfield>
  </datafield>
  <datafield tag="925" ind1="0" ind2=" ">
    <subfield code="a">acquire</subfield>
    <subfield code="b">1 shelf copy</subfield>
    <subfield code="x">policy default</subfield>
  </datafield>
  <datafield tag="955" ind1=" " ind2=" ">
    <subfield code="b">rm07 2014-07-10</subfield>
    <subfield code="c">rm07 2014-07-10 (telework) ONIX</subfield>
    <subfield code="d">rm03 2014-07-14 2014-08-06 to Dewey</subfield>
    <subfield code="w">rb07 2014-08-06</subfield>
    <subfield code="a">xn11 2015-05-23 1 copy rec&apos;d., to CIP ver.</subfield>
    <subfield code="f">rm06 2015-06-08 to CALM</subfield>
  </datafield>
  <datafield tag="010" ind1=" " ind2=" ">
    <subfield code="a">  2014021432</subfield>
  </datafield>
  <datafield tag="020" ind1=" " ind2=" ">
    <subfield code="a">9780415735971 (hardback)</subfield>
  </datafield>
  <datafield tag="020" ind1=" " ind2=" ">
    <subfield code="z">9781315745909 (ebook)</subfield>
  </datafield>
  <datafield tag="040" ind1=" " ind2=" ">
    <subfield code="a">DLC</subfield>
    <subfield code="b">eng</subfield>
    <subfield code="c">DLC</subfield>
    <subfield code="e">rda</subfield>
    <subfield code="d">DLC</subfield>
  </datafield>
  <datafield tag="043" ind1=" " ind2=" ">
    <subfield code="a">a-ii---</subfield>
  </datafield>
  <datafield tag="050" ind1="0" ind2="0">
    <subfield code="a">HT169.I52</subfield>
    <subfield code="b">K653 2015</subfield>
  </datafield>
  <datafield tag="082" ind1="0" ind2="0">
    <subfield code="a">307.760954</subfield>
    <subfield code="2">23</subfield>
  </datafield>
  <datafield tag="084" ind1=" " ind2=" ">
    <subfield code="a">SOC008000</subfield>
    <subfield code="a">SOC026030</subfield>
    <subfield code="2">bisacsh</subfield>
  </datafield>
  <datafield tag="100" ind1="1" ind2=" ">
    <subfield code="a">Bose, Pablo S.,</subfield>
    <subfield code="d">1972-</subfield>
  </datafield>
  <datafield tag="245" ind1="1" ind2="0">
    <subfield code="a">Urban development in India :</subfield>
    <subfield code="b">global Indians in the remaking of Kolkata /</subfield>
    <subfield code="c">Pablo Shiladitya Bose.</subfield>
  </datafield>
  <datafield tag="264" ind1=" " ind2="1">
    <subfield code="a">New York, NY :</subfield>
    <subfield code="b">Routledge, Taylor &amp; Francis Group,</subfield>
    <subfield code="c">2015.</subfield>
  </datafield>
  <datafield tag="300" ind1=" " ind2=" ">
    <subfield code="a">x, 166 pages ;</subfield>
    <subfield code="c">24 cm.</subfield>
  </datafield>
  <datafield tag="336" ind1=" " ind2=" ">
    <subfield code="a">text</subfield>
    <subfield code="2">rdacontent</subfield>
  </datafield>
  <datafield tag="337" ind1=" " ind2=" ">
    <subfield code="a">unmediated</subfield>
    <subfield code="2">rdamedia</subfield>
  </datafield>
  <datafield tag="338" ind1=" " ind2=" ">
    <subfield code="a">volume</subfield>
    <subfield code="2">rdacarrier</subfield>
  </datafield>
  <datafield tag="490" ind1="0" ind2=" ">
    <subfield code="a">Routledge series on urban South Asia</subfield>
  </datafield>
  <datafield tag="520" ind1=" " ind2=" ">
    <subfield code="a">&quot;Indian diaspora has had a complex and multifaceted role in catalyzing, justifying and promoting a transformed urban landscape in India. Focussing on Kolkata/ Calcutta, this book analyses the changing landscapes over the past two decades of one of the world&apos;s most fascinating and iconic cities. Previously better known due to its post-Independence decline into overcrowded poverty, pollution and despair, in recent years it has experience a revitalization that echoes India&apos;s renaissance as a whole in the new millennium. This book weaves together narratives of migration and diasporas, postmodern developmentalism and neoliberal urbanism, and identity and belonging in the Global South. It examines the rise of middle-class environmental initiatives and Kolkata&apos;s attempts to reclaim its earlier global status. It suggests that a form of global gentrification is taking place, through which people and place are being fundamentally restructured. Based on a decade&apos;s worth of field research and investigation in multiple sites--metropolitan centers connected by long histories of empire, migration, economy, and culture--it employs a multi-methods approach and uses ethnographic, semi-structured interviews as well as archival research for much of the empirical data collected.Addressing urban change and policies, as well as spatial and discoursive transformations that are occurring in India, it will be of interest to researchers in the field of urban geography, urban and regional planning, environmental studies, diaspora studies and South Asian studies&quot;--</subfield>
    <subfield code="c">Provided by publisher.</subfield>
  </datafield>
  <datafield tag="504" ind1=" " ind2=" ">
    <subfield code="a">Includes bibliographical references and index.</subfield>
  </datafield>
  <datafield tag="650" ind1=" " ind2="0">
    <subfield code="a">City planning</subfield>
    <subfield code="z">India</subfield>
    <subfield code="z">Kolkata.</subfield>
  </datafield>
  <datafield tag="650" ind1=" " ind2="0">
    <subfield code="a">Urbanization</subfield>
    <subfield code="z">India</subfield>
    <subfield code="z">Kolkata.</subfield>
  </datafield>
  <datafield tag="650" ind1=" " ind2="0">
    <subfield code="a">East Indian diaspora.</subfield>
  </datafield>
  <datafield tag="650" ind1=" " ind2="7">
    <subfield code="a">SOCIAL SCIENCE / Ethnic Studies / General.</subfield>
    <subfield code="2">bisacsh</subfield>
  </datafield>
  <datafield tag="650" ind1=" " ind2="7">
    <subfield code="a">SOCIAL SCIENCE / Sociology / Urban.</subfield>
    <subfield code="2">bisacsh</subfield>
  </datafield>
</record>