
<record>
  <leader>02769cam a22003497i 4500</leader>
  <controlfield tag="001">18276370</controlfield>
  <controlfield tag="005">20200103120502.0</controlfield>
  <controlfield tag="008">140822s2015    vtua     b    001 0 eng  </controlfield>
  <datafield tag="906" ind1=" " ind2=" ">
    <subfield code="a">7</subfield>
    <subfield code="b">cbc</subfield>
    <subfield code="c">orignew</subfield>
    <subfield code="d">1</subfield>
    <subfield code="e">ecip</subfield>
    <subfield code="f">20</subfield>
    <subfield code="g">y-gencatlg</subfield>
  </datafield>
  <datafield tag="925" ind1="0" ind2=" ">
    <subfield code="a">acquire</subfield>
    <subfield code="b">1 shelf copy</subfield>
    <subfield code="x">policy default</subfield>
  </datafield>
  <datafield tag="955" ind1=" " ind2=" ">
    <subfield code="b">rk11 2014-08-22</subfield>
    <subfield code="i">rk11 2014-08-22 to Dewey</subfield>
    <subfield code="w">xl04 2014-08-27</subfield>
    <subfield code="a">xn11 2015-05-08 1 copy rec&apos;d., to CIP ver.</subfield>
    <subfield code="f">rk07 2015-06-17 to BCCD</subfield>
    <subfield code="a">td11 2016-02-11 by removed from 245c</subfield>
  </datafield>
  <datafield tag="010" ind1=" " ind2=" ">
    <subfield code="a">  2014033421</subfield>
  </datafield>
  <datafield tag="020" ind1=" " ind2=" ">
    <subfield code="a">9781472439741 (hardcover : alk. paper)</subfield>
  </datafield>
  <datafield tag="020" ind1=" " ind2=" ">
    <subfield code="z">9781472439758 (ebook)</subfield>
  </datafield>
  <datafield tag="020" ind1=" " ind2=" ">
    <subfield code="z">9781472439765 (epub)</subfield>
  </datafield>
  <datafield tag="040" ind1=" " ind2=" ">
    <subfield code="a">DLC</subfield>
    <subfield code="b">eng</subfield>
    <subfield code="c">DLC</subfield>
    <subfield code="e">rda</subfield>
    <subfield code="d">DLC</subfield>
  </datafield>
  <datafield tag="043" ind1=" " ind2=" ">
    <subfield code="a">e-ru---</subfield>
  </datafield>
  <datafield tag="050" ind1="0" ind2="0">
    <subfield code="a">N6988.5.P7</subfield>
    <subfield code="b">V59 2015</subfield>
  </datafield>
  <datafield tag="082" ind1="0" ind2="0">
    <subfield code="a">709.2</subfield>
    <subfield code="2">23</subfield>
  </datafield>
  <datafield tag="245" ind1="0" ind2="0">
    <subfield code="a">Vladimir Markov and Russian primitivism :</subfield>
    <subfield code="b">a charter for the avant-garde /</subfield>
    <subfield code="c">Jeremy Howard, Irena Bužinska and Z.S. Strother.</subfield>
  </datafield>
  <datafield tag="264" ind1=" " ind2="1">
    <subfield code="a">Burlington, VT :</subfield>
    <subfield code="b">Ashgate,</subfield>
    <subfield code="c">[2015]</subfield>
  </datafield>
  <datafield tag="300" ind1=" " ind2=" ">
    <subfield code="a">xv, 293 pages :</subfield>
    <subfield code="b">illustrations ;</subfield>
    <subfield code="c">24 cm.</subfield>
  </datafield>
  <datafield tag="336" ind1=" " ind2=" ">
    <subfield code="a">text</subfield>
    <subfield code="b">txt</subfield>
    <subfield code="2">rdacontent</subfield>
  </datafield>
  <datafield tag="337" ind1=" " ind2=" ">
    <subfield code="a">unmediated</subfield>
    <subfield code="b">n</subfield>
    <subfield code="2">rdamedia</subfield>
  </datafield>
  <datafield tag="338" ind1=" " ind2=" ">
    <subfield code="a">volume</subfield>
    <subfield code="b">nc</subfield>
    <subfield code="2">rdacarrier</subfield>
  </datafield>
  <datafield tag="490" ind1="0" ind2=" ">
    <subfield code="a">Studies in art historiography</subfield>
  </datafield>
  <datafield tag="504" ind1=" " ind2=" ">
    <subfield code="a">Includes bibliographical references ( pages 272-281) and index.</subfield>
  </datafield>
  <datafield tag="505" ind1="0" ind2=" ">
    <subfield code="a">Introduction to Matvejs, Markov, and &apos;Primitivism&apos; / Z.S. Strother, Irena Bužinska, and Jeremy Howard -- &apos;The Treasure-House of World Beauty&apos;: Markov and Russian Primitivism Writ Large / Jeremy Howard -- Markov&apos;s Development as a Theoretician / Irena Bužinska (Translated from Russian by Jeremy Howard and Ronald Meyer) -- The Politics of Face in the African Art Photography of Vladimir Markov / Z.S. Strother -- Markov&apos;s legacy: Photographs for the &apos;Art of Northern Asia&apos; / Irena Bužinska (Translated from Russian by Jeremy Howard) -- Voldemārs Matvejs: &apos;The Russian Secession: Concerning the Union of Youth Exhibition in Riga&apos; (Translated and annotated by Jeremy Howard) -- Vladimir Markov: &apos;Principles of the New Art&apos; (Translated and annotated by Jeremy Howard) -- Vladimir Markov: &apos;The Principles of Creativity in the Plastic [Visual] Arts: Faktura&apos; (Translated and annotated by Jeremy Howard) -- Vladimir Markov: &apos;Negro Art [Iskusstvo Negrov]&apos;, with a memoir by Varvara Bubnova and foreword by Levky Zheverzheev (Translated by Jeremy Howard. Annotated by Z.S. Strother and Jeremy Howard) -- Vladimir Markov: &apos;On the &apos;Principle of Weightiness&apos; in African Sculpture&apos; (Translated by Jeremy Howard. Annotated by Jeremy Howard and Z.S. Strother. With a note on authorship by Z.S. Strother and Irena Bužinska)</subfield>
  </datafield>
  <datafield tag="650" ind1=" " ind2="0">
    <subfield code="a">Primitivism in art</subfield>
    <subfield code="z">Russia (Federation)</subfield>
    <subfield code="x">Historiography.</subfield>
  </datafield>
  <datafield tag="600" ind1="1" ind2="0">
    <subfield code="a">Markov, Vladimir,</subfield>
    <subfield code="d">1877-1914.</subfield>
  </datafield>
  <datafield tag="650" ind1=" " ind2="0">
    <subfield code="a">Photography of art.</subfield>
  </datafield>
  <datafield tag="700" ind1="1" ind2="2">
    <subfield code="a">Markov, Vladimir,</subfield>
    <subfield code="d">1877-1914.</subfield>
    <subfield code="t">Works.</subfield>
    <subfield code="k">Selections.</subfield>
    <subfield code="l">English.</subfield>
  </datafield>
</record>