
<record>
  <leader>04755cam a22005657i 4500</leader>
  <controlfield tag="001">18291230</controlfield>
  <controlfield tag="005">20200103120503.0</controlfield>
  <controlfield tag="008">140905s2015    sz a     b    001 0 eng c</controlfield>
  <datafield tag="906" ind1=" " ind2=" ">
    <subfield code="a">7</subfield>
    <subfield code="b">cbc</subfield>
    <subfield code="c">pccadap</subfield>
    <subfield code="d">2</subfield>
    <subfield code="e">ncip</subfield>
    <subfield code="f">20</subfield>
    <subfield code="g">y-gencatlg</subfield>
  </datafield>
  <datafield tag="925" ind1="0" ind2=" ">
    <subfield code="a">acquire</subfield>
    <subfield code="b">2 shelf copies</subfield>
    <subfield code="x">Sel/rjc, 2017-06-22 (ex.)</subfield>
    <subfield code="z">Assign to Bus RR</subfield>
  </datafield>
  <datafield tag="955" ind1=" " ind2=" ">
    <subfield code="b">rm08 2017-04-22 z-processor</subfield>
    <subfield code="i">rm06 2017-04-27 to BusRR</subfield>
    <subfield code="t">rm11 2017-06-23 copy 2 to CALM</subfield>
  </datafield>
  <datafield tag="955" ind1=" " ind2=" ">
    <subfield code="a">pc17 2014-09-05</subfield>
  </datafield>
  <datafield tag="010" ind1=" " ind2=" ">
    <subfield code="a">  2014950448</subfield>
  </datafield>
  <datafield tag="020" ind1=" " ind2=" ">
    <subfield code="a">9783319100906</subfield>
  </datafield>
  <datafield tag="020" ind1=" " ind2=" ">
    <subfield code="a">3319100904</subfield>
  </datafield>
  <datafield tag="020" ind1=" " ind2=" ">
    <subfield code="z">9783319100913 (eBook)</subfield>
  </datafield>
  <datafield tag="024" ind1="3" ind2=" ">
    <subfield code="a">9783319100906</subfield>
  </datafield>
  <datafield tag="035" ind1=" " ind2=" ">
    <subfield code="a">(OCoLC)ocn910667299</subfield>
  </datafield>
  <datafield tag="040" ind1=" " ind2=" ">
    <subfield code="a">FDU</subfield>
    <subfield code="b">eng</subfield>
    <subfield code="c">FDU</subfield>
    <subfield code="e">rda</subfield>
    <subfield code="d">OCLCO</subfield>
    <subfield code="d">U3W</subfield>
    <subfield code="d">WAU</subfield>
    <subfield code="d">OCLCO</subfield>
    <subfield code="d">YDXCP</subfield>
    <subfield code="d">CDX</subfield>
    <subfield code="d">BTCTA</subfield>
    <subfield code="d">DEBSZ</subfield>
    <subfield code="d">OCLCF</subfield>
    <subfield code="d">OCLCO</subfield>
    <subfield code="d">HEBIS</subfield>
    <subfield code="d">OCLCO</subfield>
    <subfield code="d">GBVCP</subfield>
    <subfield code="d">OCLCO</subfield>
    <subfield code="d">S3O</subfield>
    <subfield code="d">OCLCO</subfield>
    <subfield code="d">BOTKC</subfield>
    <subfield code="d">DLC</subfield>
  </datafield>
  <datafield tag="050" ind1="0" ind2="0">
    <subfield code="a">HF5548.32</subfield>
    <subfield code="b">.T86 2015</subfield>
  </datafield>
  <datafield tag="100" ind1="1" ind2=" ">
    <subfield code="a">Turban, Efraim,</subfield>
    <subfield code="e">author.</subfield>
  </datafield>
  <datafield tag="245" ind1="1" ind2="0">
    <subfield code="a">Electronic commerce :</subfield>
    <subfield code="b">a managerial and social networks perspective /</subfield>
    <subfield code="c">Efraim Turban, David King, Jae Kyu Lee, Ting-Peng Liang, Deborrah C. Turban.</subfield>
  </datafield>
  <datafield tag="250" ind1=" " ind2=" ">
    <subfield code="a">Eighth edition, Revised Edition.</subfield>
  </datafield>
  <datafield tag="264" ind1=" " ind2="1">
    <subfield code="a">Cham :</subfield>
    <subfield code="b">Springer,</subfield>
    <subfield code="c">[2015]</subfield>
  </datafield>
  <datafield tag="300" ind1=" " ind2=" ">
    <subfield code="a">xxxviii, 791 pages :</subfield>
    <subfield code="b">illustrations ;</subfield>
    <subfield code="c">27 cm.</subfield>
  </datafield>
  <datafield tag="336" ind1=" " ind2=" ">
    <subfield code="a">text</subfield>
    <subfield code="b">txt</subfield>
    <subfield code="2">rdacontent</subfield>
  </datafield>
  <datafield tag="337" ind1=" " ind2=" ">
    <subfield code="a">unmediated</subfield>
    <subfield code="b">n</subfield>
    <subfield code="2">rdamedia</subfield>
  </datafield>
  <datafield tag="338" ind1=" " ind2=" ">
    <subfield code="a">volume</subfield>
    <subfield code="b">nc</subfield>
    <subfield code="2">rdacarrier</subfield>
  </datafield>
  <datafield tag="490" ind1="0" ind2=" ">
    <subfield code="a">Springer texts in business and economics</subfield>
  </datafield>
  <datafield tag="504" ind1=" " ind2=" ">
    <subfield code="a">Includes bibliographical references and index.</subfield>
  </datafield>
  <datafield tag="505" ind1="0" ind2=" ">
    <subfield code="a">Overview of Electronic Commerce -- E-Commerce: Mechanisms, Infrastructure, and Tools -- Retailing in Electronic Commerce: Products and Services -- Business-to-Business E-Commerce -- Innovative EC Systems: From E-Government to E-Learning, Collaborative Commerce, and C2C Commerce -- Mobile Commerce and Ubiquitous Computing -- Social Commerce: Foundations, Social Marketing, and Advertising -- Social Enterprise and Other Social Commerce Topics.- Marketing and Advertising in E-Commerce -- E-Commerce Security and Fraud Issues and Protections -- Electronic Commerce Payment Systems -- Order Fulfillment Along the Supply Chain -- EC Strategy, Globalization, and SMEs -- Implementing EC Systems: From Justification to Successful Performance -- E-Commerce: Regulatory, Ethical, and Social Environments -- Launching a Successful Online Business and EC Projects.</subfield>
  </datafield>
  <datafield tag="520" ind1=" " ind2=" ">
    <subfield code="a">Throughout the book, theoretical foundations necessary for understanding Electronic Commerce (EC) are presented, ranging from consumer behavior to the economic theory of competition. Furthermore, this book presents the most current topics relating to EC as described by a diversified team of experts in a variety of fields, including a senior vice president of an e-commerce-related company. The authors provide website resources, numerous exercises, and extensive references to supplement the theoretical presentations. At the end of each chapter, a list of online resources with links to the websites is also provided. Additionally, extensive, vivid examples from large corporations, small businesses from different industries, and services, governments, and nonprofit agencies from all over the world make concepts come alive in Electronic Commerce. These examples, which were collected by both academicians and practitioners, show the reader the capabilities of EC, its cost and justification, and the innovative ways corporations are using EC in their operations. In this edition (previous editions published by Pearson/Prentice Hall), the authors bring forth the latest trends in e-commerce, including social businesses, social networking, social collaboration, innovations, and mobility.</subfield>
  </datafield>
  <datafield tag="650" ind1=" " ind2="0">
    <subfield code="a">Electronic commerce.</subfield>
  </datafield>
  <datafield tag="650" ind1=" " ind2="0">
    <subfield code="a">Electronic commerce</subfield>
    <subfield code="x">Management.</subfield>
  </datafield>
  <datafield tag="650" ind1=" " ind2="7">
    <subfield code="a">Electronic commerce.</subfield>
    <subfield code="2">fast</subfield>
    <subfield code="0">(OCoLC)fst00906906</subfield>
  </datafield>
  <datafield tag="650" ind1=" " ind2="7">
    <subfield code="a">Electronic commerce</subfield>
    <subfield code="x">Management.</subfield>
    <subfield code="2">fast</subfield>
    <subfield code="0">(OCoLC)fst00906916</subfield>
  </datafield>
  <datafield tag="650" ind1=" " ind2="7">
    <subfield code="a">Electronic Commerce</subfield>
    <subfield code="2">gnd</subfield>
    <subfield code="0">(DE-588)4592128-3</subfield>
    <subfield code="0">(DE-603)091719631</subfield>
  </datafield>
  <datafield tag="650" ind1=" " ind2="7">
    <subfield code="a">Management</subfield>
    <subfield code="2">gnd</subfield>
    <subfield code="0">(DE-588)4037278-9</subfield>
    <subfield code="0">(DE-603)085101435</subfield>
  </datafield>
  <datafield tag="650" ind1=" " ind2="7">
    <subfield code="a">Unternehmen</subfield>
    <subfield code="2">gnd</subfield>
    <subfield code="0">(DE-588)4061963-1</subfield>
    <subfield code="0">(DE-603)085172391</subfield>
  </datafield>
  <datafield tag="650" ind1=" " ind2="7">
    <subfield code="a">Internet</subfield>
    <subfield code="2">gnd</subfield>
    <subfield code="0">(DE-588)4308416-3</subfield>
    <subfield code="0">(DE-603)086690205</subfield>
  </datafield>
  <datafield tag="650" ind1=" " ind2="7">
    <subfield code="a">Elektronisk handel.</subfield>
    <subfield code="2">sao</subfield>
  </datafield>
  <datafield tag="650" ind1=" " ind2="7">
    <subfield code="a">E-Business</subfield>
    <subfield code="2">stw</subfield>
    <subfield code="0">(DE-601)091355729</subfield>
    <subfield code="0">(DE-STW)19544-0</subfield>
  </datafield>
  <datafield tag="700" ind1="1" ind2=" ">
    <subfield code="a">King, David R.,</subfield>
    <subfield code="e">author.</subfield>
  </datafield>
  <datafield tag="700" ind1="1" ind2=" ">
    <subfield code="a">Lee, Jae Kyu,</subfield>
    <subfield code="e">author.</subfield>
  </datafield>
  <datafield tag="700" ind1="1" ind2=" ">
    <subfield code="a">Liang, Ting-Peng,</subfield>
    <subfield code="d">1953-</subfield>
    <subfield code="e">author.</subfield>
  </datafield>
  <datafield tag="700" ind1="1" ind2=" ">
    <subfield code="a">Turban, Deborrah C.,</subfield>
    <subfield code="e">author.</subfield>
  </datafield>
  <datafield tag="830" ind1=" " ind2="0">
    <subfield code="a">Springer texts in business and economics.</subfield>
  </datafield>
  <datafield tag="856" ind1="4" ind2=" ">
    <subfield code="3">Cover</subfield>
    <subfield code="u">http://swbplus.bsz-bw.de/bsz410454788cov.htm</subfield>
    <subfield code="v">20150213135359</subfield>
  </datafield>
  <datafield tag="856" ind1="4" ind2=" ">
    <subfield code="q">http://ils-ap-p1/mm-info/CoverContent/2015/73782.jpg</subfield>
    <subfield code="u">http://ils-ap-p1/mm-info/CoverContent/2015/73782c.pdf</subfield>
  </datafield>
  <datafield tag="963" ind1=" " ind2=" ">
    <subfield code="a">Jeffin Thomas Varghese; phone: (413) 4213008; email: V.JeffinThomas@spi-global.com; bc: rhea.talbert@springer.com</subfield>
  </datafield>
</record>