
<record>
  <leader>03739cam a22005657i 4500</leader>
  <controlfield tag="001">18296700</controlfield>
  <controlfield tag="005">20200103120504.0</controlfield>
  <controlfield tag="008">140910s2015    nyua     b    001 0 eng c</controlfield>
  <datafield tag="906" ind1=" " ind2=" ">
    <subfield code="a">7</subfield>
    <subfield code="b">cbc</subfield>
    <subfield code="c">pccadap</subfield>
    <subfield code="d">2</subfield>
    <subfield code="e">ncip</subfield>
    <subfield code="f">20</subfield>
    <subfield code="g">y-gencatlg</subfield>
  </datafield>
  <datafield tag="925" ind1="0" ind2=" ">
    <subfield code="a">acquire</subfield>
    <subfield code="b">1 shelf copy</subfield>
    <subfield code="x">policy default</subfield>
  </datafield>
  <datafield tag="955" ind1=" " ind2=" ">
    <subfield code="a">pc17 2014-09-10</subfield>
    <subfield code="b">rl02 2015-10-23 z-processor</subfield>
    <subfield code="i">rl02 2016-05-31 to Dewey</subfield>
  </datafield>
  <datafield tag="010" ind1=" " ind2=" ">
    <subfield code="a">  2014950891</subfield>
  </datafield>
  <datafield tag="016" ind1="7" ind2=" ">
    <subfield code="a">101653677</subfield>
    <subfield code="2">DNLM</subfield>
  </datafield>
  <datafield tag="020" ind1=" " ind2=" ">
    <subfield code="a">9781493914074 (hbk : alk. paper)</subfield>
  </datafield>
  <datafield tag="020" ind1=" " ind2=" ">
    <subfield code="a">1493914073 (hbk : alk. paper)</subfield>
  </datafield>
  <datafield tag="020" ind1=" " ind2=" ">
    <subfield code="z">9781493914081 (eBook)</subfield>
  </datafield>
  <datafield tag="035" ind1=" " ind2=" ">
    <subfield code="a">(OCoLC)ocn908239994</subfield>
  </datafield>
  <datafield tag="040" ind1=" " ind2=" ">
    <subfield code="a">NLM</subfield>
    <subfield code="b">eng</subfield>
    <subfield code="c">NLM</subfield>
    <subfield code="e">rda</subfield>
    <subfield code="d">YDXCP</subfield>
    <subfield code="d">BTCTA</subfield>
    <subfield code="d">S4S</subfield>
    <subfield code="d">OCLCO</subfield>
    <subfield code="d">OCLCF</subfield>
    <subfield code="d">DLC</subfield>
  </datafield>
  <datafield tag="050" ind1="0" ind2="0">
    <subfield code="a">RC350.N48</subfield>
    <subfield code="b">T48 2015</subfield>
  </datafield>
  <datafield tag="060" ind1="0" ind2="0">
    <subfield code="a">2015 C-019</subfield>
  </datafield>
  <datafield tag="060" ind1="1" ind2="0">
    <subfield code="a">WB 495</subfield>
  </datafield>
  <datafield tag="072" ind1=" " ind2="7">
    <subfield code="a">RC</subfield>
    <subfield code="2">lcco</subfield>
  </datafield>
  <datafield tag="245" ind1="0" ind2="0">
    <subfield code="a">Textbook of neuromodulation :</subfield>
    <subfield code="b">principles, methods and clinical applications /</subfield>
    <subfield code="c">Helena Knotkova, Dirk Rasche, editors.</subfield>
  </datafield>
  <datafield tag="264" ind1=" " ind2="1">
    <subfield code="a">New York ;</subfield>
    <subfield code="a">Heidelberg :</subfield>
    <subfield code="b">Springer,</subfield>
    <subfield code="c">[2015]</subfield>
  </datafield>
  <datafield tag="300" ind1=" " ind2=" ">
    <subfield code="a">xiii, 283 pages :</subfield>
    <subfield code="b">illustrations ;</subfield>
    <subfield code="c">29 cm</subfield>
  </datafield>
  <datafield tag="336" ind1=" " ind2=" ">
    <subfield code="a">text</subfield>
    <subfield code="b">txt</subfield>
    <subfield code="2">rdacontent</subfield>
  </datafield>
  <datafield tag="337" ind1=" " ind2=" ">
    <subfield code="a">unmediated</subfield>
    <subfield code="b">n</subfield>
    <subfield code="2">rdamedia</subfield>
  </datafield>
  <datafield tag="338" ind1=" " ind2=" ">
    <subfield code="a">volume</subfield>
    <subfield code="b">nc</subfield>
    <subfield code="2">rdacarrier</subfield>
  </datafield>
  <datafield tag="504" ind1=" " ind2=" ">
    <subfield code="a">Includes bibliographical references and index.</subfield>
  </datafield>
  <datafield tag="505" ind1="0" ind2=" ">
    <subfield code="a">Principles of Neuromodulation -- Methods and Technologies for Low-Intensity Transcranial Electrical Stimulation: Waveforms, Terminology, and Historical Notes -- Peripheral Nerve Stimulation -- Spinal Cord Stimulation -- Dorsal Root Ganglion Stimulation: A Target for Neuromodulation Therapies -- Deep Brain Stimulation -- Motor Cortex Stimulation -- Physiological Basis of Transcranial Magnetic Stimulation -- Transcranial Direct Current Stimulation: Protocols and Physiological Mechanisms of Action -- Customization of Transcranial Direct Current Stimulation for Susceptible Populations Including at the Extremes of Age, Obesity, and Stroke -- Cranial Electrical Stimulation -- The Mechanisms and Actions of Motor Imagery Within the Clinical Setting -- Neuroprosthesis and Sensory-Motor Training -- Clinical Applications of Neuromodulation in Psychiatry -- Applications of Neuromodulation in Pain Management -- Applications of Neuromodulation in Neurology and Neurorehabilitation -- Neuromodulation for Addiction -- Enhancement of Sensory and Cognitive Functions in Healthy Subjects -- Conclusive Overview.</subfield>
  </datafield>
  <datafield tag="520" ind1=" " ind2=" ">
    <subfield code="a">Textbook of Neuromodulation encompasses the basic principles, methods and current clinical applications of invasive and non-invasive neuromodulation. Neurophysiological systems are reviewed along with the basic principles of neuroplasticity that constitutes the rationale for neuromodulation in human medicine. The overview of the neuromodulatory techniques is provided with special regard to safety and specific patient populations. Comprehensive and authored by leaders in the field, this resource presents the clinical potential, significance and practical applications of this innovative treatment approach.</subfield>
  </datafield>
  <datafield tag="650" ind1=" " ind2="0">
    <subfield code="a">Medicine.</subfield>
  </datafield>
  <datafield tag="650" ind1=" " ind2="0">
    <subfield code="a">Medical radiology.</subfield>
  </datafield>
  <datafield tag="650" ind1=" " ind2="0">
    <subfield code="a">Neurology.</subfield>
  </datafield>
  <datafield tag="650" ind1=" " ind2="0">
    <subfield code="a">Pain medicine.</subfield>
  </datafield>
  <datafield tag="650" ind1=" " ind2="0">
    <subfield code="a">Psychiatry.</subfield>
  </datafield>
  <datafield tag="650" ind1=" " ind2="0">
    <subfield code="a">Behavior therapy.</subfield>
  </datafield>
  <datafield tag="650" ind1="1" ind2="2">
    <subfield code="a">Electric Stimulation Therapy.</subfield>
  </datafield>
  <datafield tag="650" ind1="1" ind2="2">
    <subfield code="a">Magnetic Field Therapy.</subfield>
  </datafield>
  <datafield tag="650" ind1="2" ind2="2">
    <subfield code="a">Neural Pathways</subfield>
    <subfield code="x">physiology.</subfield>
  </datafield>
  <datafield tag="650" ind1="2" ind2="2">
    <subfield code="a">Neuronal Plasticity</subfield>
    <subfield code="x">physiology.</subfield>
  </datafield>
  <datafield tag="650" ind1="2" ind2="2">
    <subfield code="a">Pain Management.</subfield>
  </datafield>
  <datafield tag="650" ind1=" " ind2="7">
    <subfield code="a">Behavior therapy.</subfield>
    <subfield code="2">fast</subfield>
    <subfield code="0">(OCoLC)fst00829929</subfield>
  </datafield>
  <datafield tag="650" ind1=" " ind2="7">
    <subfield code="a">Medical radiology.</subfield>
    <subfield code="2">fast</subfield>
    <subfield code="0">(OCoLC)fst01088281</subfield>
  </datafield>
  <datafield tag="650" ind1=" " ind2="7">
    <subfield code="a">Medicine.</subfield>
    <subfield code="2">fast</subfield>
    <subfield code="0">(OCoLC)fst01014893</subfield>
  </datafield>
  <datafield tag="650" ind1=" " ind2="7">
    <subfield code="a">Neurology.</subfield>
    <subfield code="2">fast</subfield>
    <subfield code="0">(OCoLC)fst01036390</subfield>
  </datafield>
  <datafield tag="650" ind1=" " ind2="7">
    <subfield code="a">Pain medicine.</subfield>
    <subfield code="2">fast</subfield>
    <subfield code="0">(OCoLC)fst01050428</subfield>
  </datafield>
  <datafield tag="650" ind1=" " ind2="7">
    <subfield code="a">Psychiatry.</subfield>
    <subfield code="2">fast</subfield>
    <subfield code="0">(OCoLC)fst01081152</subfield>
  </datafield>
  <datafield tag="700" ind1="1" ind2=" ">
    <subfield code="a">Knotkova, Helena,</subfield>
    <subfield code="e">editor.</subfield>
  </datafield>
  <datafield tag="700" ind1="1" ind2=" ">
    <subfield code="a">Rasche, Dirk,</subfield>
    <subfield code="e">editor.</subfield>
  </datafield>
</record>