
<record>
  <leader>01796cam a22003617i 4500</leader>
  <controlfield tag="001">18300166</controlfield>
  <controlfield tag="005">20200103120505.0</controlfield>
  <controlfield tag="008">140912s2015    cau    j b    001 0 eng  </controlfield>
  <datafield tag="906" ind1=" " ind2=" ">
    <subfield code="a">7</subfield>
    <subfield code="b">cbc</subfield>
    <subfield code="c">orignew</subfield>
    <subfield code="d">1</subfield>
    <subfield code="e">ecip</subfield>
    <subfield code="f">20</subfield>
    <subfield code="g">y-gencatlg</subfield>
  </datafield>
  <datafield tag="925" ind1="0" ind2=" ">
    <subfield code="a">acquire</subfield>
    <subfield code="b">1 shelf copy</subfield>
    <subfield code="x">policy default</subfield>
    <subfield code="e">claim1  2015-04-01</subfield>
    <subfield code="e">claim2  2015-08-26</subfield>
    <subfield code="e">to CAD  2015-12-02</subfield>
  </datafield>
  <datafield tag="955" ind1=" " ind2=" ">
    <subfield code="b">rm15 2014-09-12</subfield>
    <subfield code="i">rm15 2014-09-12 (telework)</subfield>
    <subfield code="a">rm15 2014-09-12 to Dewey</subfield>
    <subfield code="w">xl04 2014-09-15</subfield>
    <subfield code="a">xn12 2016-04-22 1 copy rec&apos;d., to CIP ver.</subfield>
    <subfield code="f">rm06 2016-08-18 to CALM</subfield>
  </datafield>
  <datafield tag="010" ind1=" " ind2=" ">
    <subfield code="a">  2014036018</subfield>
  </datafield>
  <datafield tag="020" ind1=" " ind2=" ">
    <subfield code="a">9781601527684 (hardback)</subfield>
  </datafield>
  <datafield tag="020" ind1=" " ind2=" ">
    <subfield code="a">1601527683 (hardback)</subfield>
  </datafield>
  <datafield tag="040" ind1=" " ind2=" ">
    <subfield code="a">DLC</subfield>
    <subfield code="b">eng</subfield>
    <subfield code="c">DLC</subfield>
    <subfield code="e">rda</subfield>
    <subfield code="d">DLC</subfield>
  </datafield>
  <datafield tag="050" ind1="0" ind2="0">
    <subfield code="a">BF724.3.S86</subfield>
    <subfield code="b">P37 2015</subfield>
  </datafield>
  <datafield tag="082" ind1="0" ind2="0">
    <subfield code="a">155.5/189042</subfield>
    <subfield code="2">23</subfield>
  </datafield>
  <datafield tag="100" ind1="1" ind2=" ">
    <subfield code="a">Parks, Peggy J.,</subfield>
    <subfield code="d">1951-</subfield>
  </datafield>
  <datafield tag="245" ind1="1" ind2="0">
    <subfield code="a">Teens and stress /</subfield>
    <subfield code="c">Peggy J. Parks.</subfield>
  </datafield>
  <datafield tag="264" ind1=" " ind2="1">
    <subfield code="a">San Diego, CA :</subfield>
    <subfield code="b">ReferencePoint Press,</subfield>
    <subfield code="c">[2015]</subfield>
  </datafield>
  <datafield tag="300" ind1=" " ind2=" ">
    <subfield code="a">96 pages ;</subfield>
    <subfield code="c">25 cm.</subfield>
  </datafield>
  <datafield tag="336" ind1=" " ind2=" ">
    <subfield code="a">text</subfield>
    <subfield code="b">txt</subfield>
    <subfield code="2">rdacontent</subfield>
  </datafield>
  <datafield tag="337" ind1=" " ind2=" ">
    <subfield code="a">unmediated</subfield>
    <subfield code="b">n</subfield>
    <subfield code="2">rdamedia</subfield>
  </datafield>
  <datafield tag="338" ind1=" " ind2=" ">
    <subfield code="a">volume</subfield>
    <subfield code="b">nc</subfield>
    <subfield code="2">rdacarrier</subfield>
  </datafield>
  <datafield tag="490" ind1="0" ind2=" ">
    <subfield code="a">Compact research</subfield>
  </datafield>
  <datafield tag="504" ind1=" " ind2=" ">
    <subfield code="a">Includes bibliographical references (pages 84-89) and index.</subfield>
  </datafield>
  <datafield tag="505" ind1="0" ind2=" ">
    <subfield code="a">What is stress? -- What causes teens to get stressed? -- What health problems are associated with stress? -- How can teens cope with stress?</subfield>
  </datafield>
  <datafield tag="650" ind1=" " ind2="0">
    <subfield code="a">Stress in adolescence</subfield>
    <subfield code="v">Juvenile literature.</subfield>
  </datafield>
  <datafield tag="650" ind1=" " ind2="0">
    <subfield code="a">Stress management for teenagers</subfield>
    <subfield code="v">Juvenile literature.</subfield>
  </datafield>
  <datafield tag="650" ind1=" " ind2="0">
    <subfield code="a">Stress (Psychology)</subfield>
    <subfield code="v">Juvenile literature.</subfield>
  </datafield>
  <datafield tag="650" ind1=" " ind2="0">
    <subfield code="a">Teenagers</subfield>
    <subfield code="x">Health and hygiene</subfield>
    <subfield code="v">Juvenile literature.</subfield>
  </datafield>
  <datafield tag="776" ind1="0" ind2="8">
    <subfield code="i">Online version:</subfield>
    <subfield code="a">Parks, Peggy J., 1951-</subfield>
    <subfield code="t">Teens and stress</subfield>
    <subfield code="d">San Diego, CA : ReferencePoint Press, Inc., [2015]</subfield>
    <subfield code="z">9781601527691</subfield>
    <subfield code="w">(DLC) 2014036700</subfield>
  </datafield>
  <datafield tag="963" ind1=" " ind2=" ">
    <subfield code="a">Ari field; phone: 858-618-1314; email: ari@referencepointpress.com; bc: ari@referencepointpress.com</subfield>
  </datafield>
</record>