
<record>
  <leader>03746cam a22004457i 4500</leader>
  <controlfield tag="001">18300589</controlfield>
  <controlfield tag="005">20200103120505.0</controlfield>
  <controlfield tag="008">140912s2015    ne       b    001 0 eng  </controlfield>
  <datafield tag="906" ind1=" " ind2=" ">
    <subfield code="a">7</subfield>
    <subfield code="b">cbc</subfield>
    <subfield code="c">orignew</subfield>
    <subfield code="d">1</subfield>
    <subfield code="e">ecip</subfield>
    <subfield code="f">20</subfield>
    <subfield code="g">y-gencatlg</subfield>
  </datafield>
  <datafield tag="925" ind1="0" ind2=" ">
    <subfield code="a">acquire</subfield>
    <subfield code="b">1 shelf copy</subfield>
    <subfield code="x">policy default</subfield>
  </datafield>
  <datafield tag="955" ind1=" " ind2=" ">
    <subfield code="b">rf14 2014-09-12</subfield>
    <subfield code="c">rf14 2014-09-12 telework</subfield>
    <subfield code="d">rf14 2014-09-15 telework episodic; to SL</subfield>
    <subfield code="e">rf07 2014-09-16 (telework) to Dewey</subfield>
    <subfield code="w">xl06 2014-09-17</subfield>
    <subfield code="a">xn12 2015-02-20 1 copy rec&apos;d., to CIP ver.</subfield>
    <subfield code="f">rm06 2015-03-10 to CALM</subfield>
  </datafield>
  <datafield tag="010" ind1=" " ind2=" ">
    <subfield code="a">  2014032338</subfield>
  </datafield>
  <datafield tag="020" ind1=" " ind2=" ">
    <subfield code="a">9789004280571 (hardback : acid-free paper)</subfield>
  </datafield>
  <datafield tag="020" ind1=" " ind2=" ">
    <subfield code="z">9789004280588 (e-book)</subfield>
  </datafield>
  <datafield tag="040" ind1=" " ind2=" ">
    <subfield code="a">DLC</subfield>
    <subfield code="b">eng</subfield>
    <subfield code="c">DLC</subfield>
    <subfield code="e">rda</subfield>
    <subfield code="d">DLC</subfield>
  </datafield>
  <datafield tag="043" ind1=" " ind2=" ">
    <subfield code="a">e-po---</subfield>
    <subfield code="a">s-bl---</subfield>
    <subfield code="a">ls-----</subfield>
  </datafield>
  <datafield tag="050" ind1="0" ind2="0">
    <subfield code="a">HT1222</subfield>
    <subfield code="b">.N48 2015</subfield>
  </datafield>
  <datafield tag="082" ind1="0" ind2="0">
    <subfield code="a">306.3/6209469</subfield>
    <subfield code="2">23</subfield>
  </datafield>
  <datafield tag="245" ind1="0" ind2="0">
    <subfield code="a">Networks and trans-cultural exchange :</subfield>
    <subfield code="b">slave trading in the South Atlantic, 1590-1867 /</subfield>
    <subfield code="c">edited by David Richardson and Filipa Ribeiro da Silva.</subfield>
  </datafield>
  <datafield tag="264" ind1=" " ind2="1">
    <subfield code="a">Leiden :</subfield>
    <subfield code="b">Brill,</subfield>
    <subfield code="c">[2015]</subfield>
  </datafield>
  <datafield tag="300" ind1=" " ind2=" ">
    <subfield code="a">xvi, 278 pages ;</subfield>
    <subfield code="c">25 cm.</subfield>
  </datafield>
  <datafield tag="336" ind1=" " ind2=" ">
    <subfield code="a">text</subfield>
    <subfield code="b">txt</subfield>
    <subfield code="2">rdacontent</subfield>
  </datafield>
  <datafield tag="337" ind1=" " ind2=" ">
    <subfield code="a">unmediated</subfield>
    <subfield code="b">n</subfield>
    <subfield code="2">rdamedia</subfield>
  </datafield>
  <datafield tag="338" ind1=" " ind2=" ">
    <subfield code="a">volume</subfield>
    <subfield code="b">nc</subfield>
    <subfield code="2">rdacarrier</subfield>
  </datafield>
  <datafield tag="490" ind1="0" ind2=" ">
    <subfield code="a">Atlantic world : Europe, Africa and the Americas, 1500-1830,</subfield>
    <subfield code="x">1570-0542 ;</subfield>
    <subfield code="v">volume 30</subfield>
  </datafield>
  <datafield tag="520" ind1="2" ind2=" ">
    <subfield code="a">&quot;Studies of the South Atlantic commercial world typically focus on connections between Angola and Brazil, and specifically on the flows of enslaved Africans from Luanda and the relations between Portuguese-Brazilian traders and other agents and their local African and mulatto trading partners. While reaffirming the centrality of slaving activities and of the networks that underpinned them, this collection of new essays shows that there were major Portuguese-Brazilian slave-trading activities in the South Atlantic outside Luanda as well as the Angolan-Brazil axes upon which historians usually focus. In drawing attention to these aspects of the South Atlantic commercial world, we are reminded that this was a world of change and also one in which Portuguese-Brazilian traders were unable to sustain in the face of competition from northern European rivals the dominant position in slave trading in Atlantic Africa that they had first established in the sixteenth century&quot;--Provided by publisher.</subfield>
  </datafield>
  <datafield tag="504" ind1=" " ind2=" ">
    <subfield code="a">Includes bibliographical references (pages 239-266) and index.</subfield>
  </datafield>
  <datafield tag="505" ind1="0" ind2=" ">
    <subfield code="a">Introduction: The South Atlantic slave trade in historical perspective / David Richardson and Filipa Ribeiro da Silva -- Brazil&apos;s colonial economy and the Atlantic slave trade : supply and demand / Gustavo Acioli Lopes -- Private businessmen in the Angolan trade,1590s to 1780s : insurance, commerce and agency / Filipa Ribeiro da Silva -- Angola and the seventeenth-century South Atlantic slave trade / Arlinda Manuel Caldeira -- Trade networks in benguela, 1700-1850 / Mariana P. Candido -- Slave trade networks in eighteenth-century Mozambique / Jose Capela -- Trans-cultural exchange at Malemba Bay : the voyages of Fregatschip Prins Willem V, 1755 to 1771 / Stacey Sommerdyk -- Measuring short- and long-term impacts of abolitionism in the South Atlantic, 1807-1860s / Roquinaldo Ferreira.</subfield>
  </datafield>
  <datafield tag="650" ind1=" " ind2="0">
    <subfield code="a">Slave trade</subfield>
    <subfield code="z">Portugal</subfield>
    <subfield code="x">History.</subfield>
  </datafield>
  <datafield tag="650" ind1=" " ind2="0">
    <subfield code="a">Slave trade</subfield>
    <subfield code="z">Brazil</subfield>
    <subfield code="x">History.</subfield>
  </datafield>
  <datafield tag="650" ind1=" " ind2="0">
    <subfield code="a">Slave trade</subfield>
    <subfield code="z">South Atlantic Ocean</subfield>
    <subfield code="x">History.</subfield>
  </datafield>
  <datafield tag="650" ind1=" " ind2="0">
    <subfield code="a">Slave trade</subfield>
    <subfield code="z">Africa, Sub-Saharan</subfield>
    <subfield code="x">History.</subfield>
  </datafield>
  <datafield tag="651" ind1=" " ind2="0">
    <subfield code="a">Portugal</subfield>
    <subfield code="x">Commerce</subfield>
    <subfield code="x">History.</subfield>
  </datafield>
  <datafield tag="651" ind1=" " ind2="0">
    <subfield code="a">Brazil</subfield>
    <subfield code="x">Commerce</subfield>
    <subfield code="x">History.</subfield>
  </datafield>
  <datafield tag="651" ind1=" " ind2="0">
    <subfield code="a">South Atlantic Ocean</subfield>
    <subfield code="x">Commerce</subfield>
    <subfield code="x">History.</subfield>
  </datafield>
  <datafield tag="651" ind1=" " ind2="0">
    <subfield code="a">Africa, Sub-Saharan</subfield>
    <subfield code="x">Commerce</subfield>
    <subfield code="x">History.</subfield>
  </datafield>
  <datafield tag="650" ind1=" " ind2="0">
    <subfield code="a">Business networks</subfield>
    <subfield code="z">South Atlantic Ocean</subfield>
    <subfield code="x">History.</subfield>
  </datafield>
  <datafield tag="650" ind1=" " ind2="0">
    <subfield code="a">Social networks</subfield>
    <subfield code="z">South Atlantic Ocean</subfield>
    <subfield code="x">History.</subfield>
  </datafield>
  <datafield tag="700" ind1="1" ind2=" ">
    <subfield code="a">Richardson, David,</subfield>
    <subfield code="d">1946-</subfield>
  </datafield>
  <datafield tag="700" ind1="1" ind2=" ">
    <subfield code="a">Silva, Filipa Ribeiro da,</subfield>
    <subfield code="d">1974-</subfield>
  </datafield>
</record>