
<record>
  <leader>02491cam a22003617i 4500</leader>
  <controlfield tag="001">18302578</controlfield>
  <controlfield tag="005">20200103150439.0</controlfield>
  <controlfield tag="008">140915s2016    mau           000 0 eng  </controlfield>
  <datafield tag="906" ind1=" " ind2=" ">
    <subfield code="a">7</subfield>
    <subfield code="b">cbc</subfield>
    <subfield code="c">orignew</subfield>
    <subfield code="d">1</subfield>
    <subfield code="e">ecip</subfield>
    <subfield code="f">20</subfield>
    <subfield code="g">y-gencatlg</subfield>
  </datafield>
  <datafield tag="925" ind1="0" ind2=" ">
    <subfield code="a">acquire</subfield>
    <subfield code="b">2 shelf copies</subfield>
    <subfield code="x">Sel/rjc, 2015-05-19</subfield>
    <subfield code="z">Assign to Bus RR</subfield>
  </datafield>
  <datafield tag="955" ind1=" " ind2=" ">
    <subfield code="b">rm13 2014-09-15</subfield>
    <subfield code="i">rm13 2014-09-15 (telework)</subfield>
    <subfield code="w">xl03 2014-09-15</subfield>
    <subfield code="a">xn12 2015-01-21 1 copy rec&apos;d., to CIP ver.</subfield>
    <subfield code="f">rm06 2015-04-29 to CALM</subfield>
    <subfield code="t">rm04 2015-07-2 1 Copy 2 to CALM</subfield>
  </datafield>
  <datafield tag="010" ind1=" " ind2=" ">
    <subfield code="a">  2014031745</subfield>
  </datafield>
  <datafield tag="020" ind1=" " ind2=" ">
    <subfield code="a">9780133800203</subfield>
  </datafield>
  <datafield tag="020" ind1=" " ind2=" ">
    <subfield code="a">0133800202</subfield>
  </datafield>
  <datafield tag="040" ind1=" " ind2=" ">
    <subfield code="a">DLC</subfield>
    <subfield code="b">eng</subfield>
    <subfield code="c">DLC</subfield>
    <subfield code="e">rda</subfield>
    <subfield code="d">DLC</subfield>
  </datafield>
  <datafield tag="050" ind1="0" ind2="0">
    <subfield code="a">HF5415.13</subfield>
    <subfield code="b">.C533 2016</subfield>
  </datafield>
  <datafield tag="082" ind1="0" ind2="0">
    <subfield code="a">658.7</subfield>
    <subfield code="2">23</subfield>
  </datafield>
  <datafield tag="100" ind1="1" ind2=" ">
    <subfield code="a">Chopra, Sunil,</subfield>
    <subfield code="d">1960-</subfield>
  </datafield>
  <datafield tag="245" ind1="1" ind2="0">
    <subfield code="a">Supply chain management :</subfield>
    <subfield code="b">strategy, planning, and operation /</subfield>
    <subfield code="c">Sunil Chopra, Kellogg School of Management, Peter Meindl, Kepos Capital.</subfield>
  </datafield>
  <datafield tag="250" ind1=" " ind2=" ">
    <subfield code="a">Sixth Edition.</subfield>
  </datafield>
  <datafield tag="264" ind1=" " ind2="1">
    <subfield code="a">Boston :</subfield>
    <subfield code="b">Pearson,</subfield>
    <subfield code="c">[2016]</subfield>
  </datafield>
  <datafield tag="300" ind1=" " ind2=" ">
    <subfield code="a">xii, 516 pages ;</subfield>
    <subfield code="c">26 cm</subfield>
  </datafield>
  <datafield tag="336" ind1=" " ind2=" ">
    <subfield code="a">text</subfield>
    <subfield code="b">txt</subfield>
    <subfield code="2">rdacontent</subfield>
  </datafield>
  <datafield tag="337" ind1=" " ind2=" ">
    <subfield code="a">unmediated</subfield>
    <subfield code="b">n</subfield>
    <subfield code="2">rdamedia</subfield>
  </datafield>
  <datafield tag="338" ind1=" " ind2=" ">
    <subfield code="a">volume</subfield>
    <subfield code="b">nc</subfield>
    <subfield code="2">rdacarrier</subfield>
  </datafield>
  <datafield tag="505" ind1="0" ind2=" ">
    <subfield code="a">Preface -- Building a strategic framework to analyze supply chains -- Understanding the supply chain -- Supply chain performance : achieving strategic fit and scope -- Supply chain drivers and metrics -- Designing the supply chain network -- Designing distribution networks and applications to online sales -- Network design in the supply chain -- Designing global supply chain networks -- Demand forecasting in a supply chain -- Aggregate planning in a supply chain -- Sales and operations planning : planning supply and demand in a supply chain -- Coordination in a supply chain -- Planning and managing inventories in a supply chain -- Managing economies of scale in a supply chain : cycle inventory -- Managing uncertainty in a supply chain : safety inventory -- Determining the optimal level of product availability -- Transportation in a supply chain -- Managing cross-functional drivers in a supply chain -- Sourcing decisions in a supply chain -- Pricing and revenue management in a supply chain -- Sustainability and the supply chain -- Discussion questions -- Bibliography -- Subject index.</subfield>
  </datafield>
  <datafield tag="650" ind1=" " ind2="0">
    <subfield code="a">Marketing channels</subfield>
    <subfield code="x">Management.</subfield>
  </datafield>
  <datafield tag="650" ind1=" " ind2="0">
    <subfield code="a">Delivery of goods</subfield>
    <subfield code="x">Management.</subfield>
  </datafield>
  <datafield tag="650" ind1=" " ind2="0">
    <subfield code="a">Physical distribution of goods</subfield>
    <subfield code="x">Management.</subfield>
  </datafield>
  <datafield tag="650" ind1=" " ind2="0">
    <subfield code="a">Customer services</subfield>
    <subfield code="x">Management.</subfield>
  </datafield>
  <datafield tag="650" ind1=" " ind2="0">
    <subfield code="a">Industrial procurement.</subfield>
  </datafield>
  <datafield tag="650" ind1=" " ind2="0">
    <subfield code="a">Materials management.</subfield>
  </datafield>
  <datafield tag="700" ind1="1" ind2=" ">
    <subfield code="a">Meindl, Peter,</subfield>
    <subfield code="d">1970-</subfield>
  </datafield>
</record>