
<record>
  <leader>02136cam a22003377i 4500</leader>
  <controlfield tag="001">18314170</controlfield>
  <controlfield tag="005">20200103163237.0</controlfield>
  <controlfield tag="008">140924s2013    is       b    000 0 heb  </controlfield>
  <datafield tag="906" ind1=" " ind2=" ">
    <subfield code="a">0</subfield>
    <subfield code="b">ibc</subfield>
    <subfield code="c">origres</subfield>
    <subfield code="d">3</subfield>
    <subfield code="e">ncip</subfield>
    <subfield code="f">20</subfield>
    <subfield code="g">y-nonroman</subfield>
  </datafield>
  <datafield tag="925" ind1="0" ind2=" ">
    <subfield code="a">acquire</subfield>
    <subfield code="b">1 shelf copy</subfield>
    <subfield code="x">policy default</subfield>
  </datafield>
  <datafield tag="955" ind1=" " ind2=" ">
    <subfield code="b">cd04 2014-09-24 telework z-processor JACKPHY to ASME-IJ;</subfield>
    <subfield code="i">cd22 2019-12-30 (Enhanced MLC), to cd01;</subfield>
    <subfield code="r">cd01 2020-01-03 reviewed, returned to cd22</subfield>
  </datafield>
  <datafield tag="010" ind1=" " ind2=" ">
    <subfield code="a">  2014464074</subfield>
  </datafield>
  <datafield tag="040" ind1=" " ind2=" ">
    <subfield code="a">DLC</subfield>
    <subfield code="b">eng</subfield>
    <subfield code="e">rda</subfield>
    <subfield code="c">DLC</subfield>
  </datafield>
  <datafield tag="050" ind1="0" ind2="0">
    <subfield code="a">BM702</subfield>
    <subfield code="b">.T68 2013 +</subfield>
  </datafield>
  <datafield tag="066" ind1=" " ind2=" ">
    <subfield code="c">(2</subfield>
  </datafield>
  <datafield tag="245" ind1="0" ind2="0">
    <subfield code="6">880-01</subfield>
    <subfield code="a">Torah be-ṭohorah ʻal hilkhot nidah u-ṭevilah /</subfield>
    <subfield code="c">ḥibartiṿ ṿa-ʻarakhtiṿ be-ḥesed H. ʻalai lemaʻan yelamdu ve-yishnenu bo be-ʻez. H. bi-feraṭ bi-yeme shovavim tat, Ohed-Shalom Yishai. Ṿe-gam ʻOd Yosef ḥai : ḥidushe maran malka R. ʻOvadiah Yosef, z. ts. ṿe-ḳ.l., ʻal Yoma, pereḳ Yom ha-Kipurim ; Masekhet Sukah.</subfield>
  </datafield>
  <datafield tag="880" ind1="0" ind2="0">
    <subfield code="6">245-01/(2/r‏</subfield>
    <subfield code="a">‏תורה בטהרה על הלכות נדה וטבילה /‏</subfield>
    <subfield code="c">‏חברתיו וערכתיו בחסד ה&apos; עלי למען ילמדו וישננו בו בעז&quot;ה בפרט בימי שובבי&quot;ם ת&quot;ת, אוהד-שלום ישי. וגם עוד יוסף חי : חידושי מרן מלכא ר. עובדיה יוסף, זצוק&quot;ל, על יומא, פרק יום הכיפורים ; מסכת סוכה.</subfield>
  </datafield>
  <datafield tag="264" ind1=" " ind2="1">
    <subfield code="6">880-02</subfield>
    <subfield code="a">Yerushalayim :</subfield>
    <subfield code="b">[Ohed-Shalom Yishai],</subfield>
    <subfield code="c">774 [2013 or 2014]</subfield>
  </datafield>
  <datafield tag="880" ind1=" " ind2="1">
    <subfield code="6">264-02/(2/r‏</subfield>
    <subfield code="a">‏ירושלים :‏</subfield>
    <subfield code="b">‏[אוהד-שלום ישי],‏</subfield>
    <subfield code="c">‏‪תשע״ד‬.</subfield>
  </datafield>
  <datafield tag="300" ind1=" " ind2=" ">
    <subfield code="a">117, 33 pages ;</subfield>
    <subfield code="c">25 cm</subfield>
  </datafield>
  <datafield tag="336" ind1=" " ind2=" ">
    <subfield code="a">text</subfield>
    <subfield code="b">txt</subfield>
    <subfield code="2">rdacontent</subfield>
  </datafield>
  <datafield tag="337" ind1=" " ind2=" ">
    <subfield code="a">unmediated</subfield>
    <subfield code="b">n</subfield>
    <subfield code="2">rdamedia</subfield>
  </datafield>
  <datafield tag="504" ind1=" " ind2=" ">
    <subfield code="a">Includes bibliographical references.</subfield>
  </datafield>
  <datafield tag="650" ind1=" " ind2="0">
    <subfield code="a">Purity, Ritual</subfield>
    <subfield code="x">Judaism.</subfield>
  </datafield>
  <datafield tag="630" ind1="0" ind2="0">
    <subfield code="a">Talmud.</subfield>
    <subfield code="p">Yoma VIII</subfield>
    <subfield code="v">Commentaries.</subfield>
  </datafield>
  <datafield tag="630" ind1="0" ind2="0">
    <subfield code="a">Talmud.</subfield>
    <subfield code="p">Sukkah</subfield>
    <subfield code="v">Commentaries.</subfield>
  </datafield>
  <datafield tag="700" ind1="1" ind2="2">
    <subfield code="i">Container of (work):</subfield>
    <subfield code="a">Yishai, Ohad Shalom.</subfield>
    <subfield code="t">Torah be-tohorah ʻal hilkhot nidah u-ṭevilah.</subfield>
  </datafield>
  <datafield tag="700" ind1="1" ind2="2">
    <subfield code="i">Container of (work):</subfield>
    <subfield code="a">Yosef, Ovadia.</subfield>
    <subfield code="t">ʻOd Yosef ḥai.</subfield>
    <subfield code="k">Selections.</subfield>
  </datafield>
  <datafield tag="740" ind1="0" ind2="2">
    <subfield code="6">880-03</subfield>
    <subfield code="a">ʻOd Yosef ḥai.</subfield>
  </datafield>
  <datafield tag="880" ind1="0" ind2="2">
    <subfield code="6">740-03/(2/r‏</subfield>
    <subfield code="a">‏עוד יוסף חי.</subfield>
  </datafield>
  <datafield tag="952" ind1=" " ind2=" ">
    <subfield code="a">Enhanced MLC</subfield>
  </datafield>
</record>