
<record>
  <leader>02534cam a22004097i 4500</leader>
  <controlfield tag="001">18316475</controlfield>
  <controlfield tag="005">20200103120507.0</controlfield>
  <controlfield tag="008">140925s2015    nyua   c      000 1 eng  </controlfield>
  <datafield tag="906" ind1=" " ind2=" ">
    <subfield code="a">7</subfield>
    <subfield code="b">cbc</subfield>
    <subfield code="c">origres</subfield>
    <subfield code="d">2</subfield>
    <subfield code="e">epcn</subfield>
    <subfield code="f">20</subfield>
    <subfield code="g">y-gencatlg</subfield>
  </datafield>
  <datafield tag="925" ind1="0" ind2=" ">
    <subfield code="a">acquire</subfield>
    <subfield code="b">1 shelf copy</subfield>
    <subfield code="x">policy default</subfield>
  </datafield>
  <datafield tag="955" ind1=" " ind2=" ">
    <subfield code="b">xk12 2015-10-09 z-processor</subfield>
    <subfield code="i">xk12 2015-10-15 (telework) c. 1 to BCCD</subfield>
  </datafield>
  <datafield tag="955" ind1=" " ind2=" ">
    <subfield code="a">pc27 2014-09-25</subfield>
  </datafield>
  <datafield tag="010" ind1=" " ind2=" ">
    <subfield code="a">  2014952520</subfield>
  </datafield>
  <datafield tag="020" ind1=" " ind2=" ">
    <subfield code="a">9780062318459</subfield>
    <subfield code="q">(paperback)</subfield>
  </datafield>
  <datafield tag="020" ind1=" " ind2=" ">
    <subfield code="a">0062318454</subfield>
    <subfield code="q">(paperback)</subfield>
  </datafield>
  <datafield tag="040" ind1=" " ind2=" ">
    <subfield code="a">DLC</subfield>
    <subfield code="c">DLC</subfield>
    <subfield code="e">RDA</subfield>
    <subfield code="d">DLC</subfield>
  </datafield>
  <datafield tag="050" ind1="0" ind2="0">
    <subfield code="a">PZ7.1.S55</subfield>
    <subfield code="b">Bi 2015</subfield>
  </datafield>
  <datafield tag="082" ind1="0" ind2="0">
    <subfield code="a">[Fic]</subfield>
    <subfield code="2">23</subfield>
  </datafield>
  <datafield tag="100" ind1="1" ind2=" ">
    <subfield code="a">Simmons, Cari,</subfield>
    <subfield code="e">author.</subfield>
  </datafield>
  <datafield tag="245" ind1="1" ind2="0">
    <subfield code="a">Best frenemies /</subfield>
    <subfield code="c">Cari Simmons and Claire Zulkey.</subfield>
  </datafield>
  <datafield tag="250" ind1=" " ind2=" ">
    <subfield code="a">First Edition.</subfield>
  </datafield>
  <datafield tag="264" ind1=" " ind2="1">
    <subfield code="a">New York, NY :</subfield>
    <subfield code="b">Harper, an imprint of HarperCollinsPublishers,</subfield>
    <subfield code="c">[2015].</subfield>
  </datafield>
  <datafield tag="300" ind1=" " ind2=" ">
    <subfield code="a">212, 4 pages ;</subfield>
    <subfield code="b">illustrations ;</subfield>
    <subfield code="c">20 cm.</subfield>
  </datafield>
  <datafield tag="336" ind1=" " ind2=" ">
    <subfield code="a">text</subfield>
    <subfield code="b">txt</subfield>
    <subfield code="2">rdacontent</subfield>
  </datafield>
  <datafield tag="337" ind1=" " ind2=" ">
    <subfield code="a">unmediated</subfield>
    <subfield code="b">n</subfield>
    <subfield code="2">rdamedia</subfield>
  </datafield>
  <datafield tag="338" ind1=" " ind2=" ">
    <subfield code="a">volume</subfield>
    <subfield code="b">nc</subfield>
    <subfield code="2">rdacarrier</subfield>
  </datafield>
  <datafield tag="490" ind1="1" ind2=" ">
    <subfield code="a">Picture perfect ;</subfield>
    <subfield code="v">[book #3]</subfield>
  </datafield>
  <datafield tag="500" ind1=" " ind2=" ">
    <subfield code="a">Includes an excerpt from: Picture perfect #4: Between us (pages 1-4).</subfield>
  </datafield>
  <datafield tag="521" ind1="1" ind2=" ">
    <subfield code="a">Ages 8-12.</subfield>
  </datafield>
  <datafield tag="520" ind1=" " ind2=" ">
    <subfield code="a">&quot;Side by side by side? Alice Kinney shouldn&apos;t be nervous about starting middle school. She&apos;s got her best friend, Cassidy, by her side, so it can&apos;t be that bad, right? Except, Cass isn&apos;t at her side. For the first time since kindergarten, Alice and Cassidy aren&apos;t in any of the same classes, and Alice is stuck with a brand-new crew in honors class! The girls try to stay in touch from across the hallway with the help of a shared notebook--but when Alice accidentally befriends not-so-nice Nikki from Cassidy&apos;s dance class, she keeps it to herself. Cass will never understand. That is, not until Alice shows her that Nikki is just misunderstood, right? Alice juggles both friendships, waiting for the right moment to tell everyone the truth. But then, disaster strikes: Cass&apos;s play and Nikki&apos;s math competition fall on the same night. Neither girl will ever forgive Alice if she misses their big day... What is Alice supposed to do when her two best friends are total enemies?&quot;--Page [4] of cover.</subfield>
  </datafield>
  <datafield tag="650" ind1=" " ind2="0">
    <subfield code="a">Friendship</subfield>
    <subfield code="v">Juvenile fiction.</subfield>
  </datafield>
  <datafield tag="650" ind1=" " ind2="0">
    <subfield code="a">Girls</subfield>
    <subfield code="v">Juvenile fiction.</subfield>
  </datafield>
  <datafield tag="650" ind1=" " ind2="0">
    <subfield code="a">Middle schools</subfield>
    <subfield code="v">Juvenile fiction.</subfield>
  </datafield>
  <datafield tag="650" ind1=" " ind2="0">
    <subfield code="a">Schools</subfield>
    <subfield code="v">Juvenile fiction.</subfield>
  </datafield>
  <datafield tag="700" ind1="1" ind2=" ">
    <subfield code="a">Zulkey, Claire,</subfield>
    <subfield code="e">author.</subfield>
  </datafield>
  <datafield tag="800" ind1="1" ind2=" ">
    <subfield code="a">Simmons, Cari.</subfield>
    <subfield code="t">Picture perfect ;</subfield>
    <subfield code="v">bk. #3.</subfield>
  </datafield>
  <datafield tag="856" ind1="4" ind2="2">
    <subfield code="3">Contributor biographical information</subfield>
    <subfield code="u">http://www.loc.gov/catdir/enhancements/fy1603/2014952520-b.html</subfield>
  </datafield>
</record>