
<record>
  <leader>03563cam a22004937i 4500</leader>
  <controlfield tag="001">18324372</controlfield>
  <controlfield tag="005">20200103120508.0</controlfield>
  <controlfield tag="008">141003s2015    onca     b    101 0 eng c</controlfield>
  <datafield tag="906" ind1=" " ind2=" ">
    <subfield code="a">7</subfield>
    <subfield code="b">cbc</subfield>
    <subfield code="c">pccadap</subfield>
    <subfield code="d">2</subfield>
    <subfield code="e">epcn</subfield>
    <subfield code="f">20</subfield>
    <subfield code="g">y-gencatlg</subfield>
  </datafield>
  <datafield tag="925" ind1="0" ind2=" ">
    <subfield code="a">acquire</subfield>
    <subfield code="b">1 shelf copy</subfield>
    <subfield code="x">policy default</subfield>
  </datafield>
  <datafield tag="955" ind1=" " ind2=" ">
    <subfield code="b">rk07 2018-04-25 z-processor</subfield>
    <subfield code="i">rk07 2018-05-11 to BCCD</subfield>
  </datafield>
  <datafield tag="010" ind1=" " ind2=" ">
    <subfield code="a">  2014953120</subfield>
  </datafield>
  <datafield tag="015" ind1=" " ind2=" ">
    <subfield code="a">GBB4D7558</subfield>
    <subfield code="2">bnb</subfield>
  </datafield>
  <datafield tag="015" ind1=" " ind2=" ">
    <subfield code="a">GBB4D8570</subfield>
    <subfield code="2">bnb</subfield>
  </datafield>
  <datafield tag="016" ind1="7" ind2=" ">
    <subfield code="a">101654073</subfield>
    <subfield code="2">DNLM</subfield>
  </datafield>
  <datafield tag="020" ind1=" " ind2=" ">
    <subfield code="a">9781771880275</subfield>
    <subfield code="q">(bound)</subfield>
  </datafield>
  <datafield tag="020" ind1=" " ind2=" ">
    <subfield code="a">1771880279</subfield>
    <subfield code="q">(bound)</subfield>
  </datafield>
  <datafield tag="035" ind1=" " ind2=" ">
    <subfield code="a">(OCoLC)ocn902837863</subfield>
  </datafield>
  <datafield tag="040" ind1=" " ind2=" ">
    <subfield code="a">NLC</subfield>
    <subfield code="b">eng</subfield>
    <subfield code="c">NLM</subfield>
    <subfield code="e">rda</subfield>
    <subfield code="d">CRCPR</subfield>
    <subfield code="d">OCLCF</subfield>
    <subfield code="d">NLC</subfield>
    <subfield code="d">YDXCP</subfield>
    <subfield code="d">OCLCQ</subfield>
    <subfield code="d">OCLCO</subfield>
    <subfield code="d">OCLCA</subfield>
    <subfield code="d">OCLCQ</subfield>
    <subfield code="d">DLC</subfield>
  </datafield>
  <datafield tag="050" ind1="0" ind2="0">
    <subfield code="a">TP248.65.P62</subfield>
    <subfield code="b">I57 2012</subfield>
  </datafield>
  <datafield tag="060" ind1="0" ind2="0">
    <subfield code="a">2015 C-194</subfield>
  </datafield>
  <datafield tag="060" ind1="1" ind2="0">
    <subfield code="a">QT 37</subfield>
  </datafield>
  <datafield tag="245" ind1="0" ind2="0">
    <subfield code="a">Biomaterial applications :</subfield>
    <subfield code="b">macro to nanoscales /</subfield>
    <subfield code="c">edited by Sabu Thomas, PhD, Nandakumar Kalarikkal, PhD, Weimin Yang, MD,and Snigdha S. Babu.</subfield>
  </datafield>
  <datafield tag="264" ind1=" " ind2="1">
    <subfield code="a">Toronto :</subfield>
    <subfield code="b">Apple Academic Press,</subfield>
    <subfield code="c">[2015]</subfield>
  </datafield>
  <datafield tag="300" ind1=" " ind2=" ">
    <subfield code="a">xviii, 213 pages :</subfield>
    <subfield code="b">illustrations ;</subfield>
    <subfield code="c">23 cm</subfield>
  </datafield>
  <datafield tag="336" ind1=" " ind2=" ">
    <subfield code="a">text</subfield>
    <subfield code="b">txt</subfield>
    <subfield code="2">rdacontent</subfield>
  </datafield>
  <datafield tag="337" ind1=" " ind2=" ">
    <subfield code="a">unmediated</subfield>
    <subfield code="b">n</subfield>
    <subfield code="2">rdamedia</subfield>
  </datafield>
  <datafield tag="338" ind1=" " ind2=" ">
    <subfield code="a">volume</subfield>
    <subfield code="b">nc</subfield>
    <subfield code="2">rdacarrier</subfield>
  </datafield>
  <datafield tag="500" ind1=" " ind2=" ">
    <subfield code="a">Based on papers presented at the ICNP 2012, Third International Conference on Natural Polymers, Bio-Polymers, Bio-Materials, their Composites, Blends, IPNs, Polyelectrolytes and Gels: Macro to Nano Scales took place at Mahatma Gandhi University, Kottayam, Kerala, India, on October 26, 27, and 28, 2012.</subfield>
  </datafield>
  <datafield tag="504" ind1=" " ind2=" ">
    <subfield code="a">Includes bibliographical references and index.</subfield>
  </datafield>
  <datafield tag="505" ind1="0" ind2=" ">
    <subfield code="a">1. Green organic-inorganic hybrid material from plant oil polyol / Eram Sharmin, Mudsser Azam, Fahmina Zafar, Deewan Akram, Qazi Mohd. Rizwanul Haq, and Sharif Ahmad -- 2. Bio-hybrid 3D tubular scaffolds for vascular tissue engineering : a materials perspective / Harsh Patel, Roman Garcia, and Vinoy Thomas -- 3. Polymers for use in the monitoring and treatment of waterborne protozoa / Helen Bridle and Moushumi Ghosh -- 4. Synthesis of Polypyrrole/TiO2 nanoparticles in water by chemical oxidative polymerization / Yang Tan, Michel B. Johnson, and Khashayar Ghandi -- 5. Poly (lactic acid) based hybrid composite films containing ultrasound treated cellulose and poly (ethylene glycol) as plasticizer and reaction media / Katalin Halász, Mandar P. Badve, and Levente Csóka -- 6. An experimental observation of disparity in mechanical properties of turmeric fiber reinforced polyester composites / Nadendla srinivasababu, J. Suresh Kumar and K. Vijaya Kumar Reddy -- 7. Wavelength dependence of SERS spectra of pyrene / F. Hubenthal, D. Blázquez Sánchez, R. Ossig, H. Schmidt, and H.-D. Kronfeldt -- 8. Emerging therapeutic applications of bacterial exopolysaccharides / P. Priyanka, A.B. Arun, and P.D. Rekha -- 9. Preparation and properties of composite films from modified cellulose fiber-reinforced with different polymers / Sandeep S. Laxmishwar and G.K. Nagaraja -- 10. Natural bio resources : the unending source of nanofactory / Balaprasad Ankamwar.</subfield>
  </datafield>
  <datafield tag="650" ind1=" " ind2="0">
    <subfield code="a">Biomedical materials.</subfield>
  </datafield>
  <datafield tag="650" ind1=" " ind2="0">
    <subfield code="a">Biopolymers.</subfield>
  </datafield>
  <datafield tag="650" ind1="1" ind2="2">
    <subfield code="a">Biocompatible Materials.</subfield>
  </datafield>
  <datafield tag="650" ind1="2" ind2="2">
    <subfield code="a">Biopolymers.</subfield>
  </datafield>
  <datafield tag="655" ind1=" " ind2="2">
    <subfield code="a">Congresses.</subfield>
  </datafield>
  <datafield tag="650" ind1=" " ind2="7">
    <subfield code="a">Biomedical materials.</subfield>
    <subfield code="2">fast</subfield>
    <subfield code="0">(OCoLC)fst00832586</subfield>
  </datafield>
  <datafield tag="650" ind1=" " ind2="7">
    <subfield code="a">Biopolymers.</subfield>
    <subfield code="2">fast</subfield>
    <subfield code="0">(OCoLC)fst00832670</subfield>
  </datafield>
  <datafield tag="700" ind1="1" ind2=" ">
    <subfield code="a">Thomas, Sabu,</subfield>
    <subfield code="e">editor.</subfield>
  </datafield>
  <datafield tag="700" ind1="1" ind2=" ">
    <subfield code="a">Kalarikkal, Nandakumar,</subfield>
    <subfield code="e">editor.</subfield>
  </datafield>
  <datafield tag="700" ind1="1" ind2=" ">
    <subfield code="a">Yang, Weimin,</subfield>
    <subfield code="c">MD,</subfield>
    <subfield code="e">editor.</subfield>
  </datafield>
  <datafield tag="700" ind1="1" ind2=" ">
    <subfield code="a">Babu, Snigdha S.,</subfield>
    <subfield code="e">editor.</subfield>
  </datafield>
  <datafield tag="711" ind1="2" ind2=" ">
    <subfield code="a">ICNP (Conference)</subfield>
    <subfield code="n">(3rd :</subfield>
    <subfield code="d">2012 :</subfield>
    <subfield code="c">Kottayam, India)</subfield>
  </datafield>
  <datafield tag="776" ind1="0" ind2="8">
    <subfield code="i">Electronic version:</subfield>
    <subfield code="z">9781482252767</subfield>
  </datafield>
</record>