
<record>
  <leader>03120cam a22003737i 4500</leader>
  <controlfield tag="001">18325939</controlfield>
  <controlfield tag="005">20200103120508.0</controlfield>
  <controlfield tag="008">141006s2015    nyu           000 0beng  </controlfield>
  <datafield tag="906" ind1=" " ind2=" ">
    <subfield code="a">7</subfield>
    <subfield code="b">cbc</subfield>
    <subfield code="c">orignew</subfield>
    <subfield code="d">1</subfield>
    <subfield code="e">ecip</subfield>
    <subfield code="f">20</subfield>
    <subfield code="g">y-gencatlg</subfield>
  </datafield>
  <datafield tag="925" ind1="0" ind2=" ">
    <subfield code="a">acquire</subfield>
    <subfield code="b">1 shelf copy</subfield>
    <subfield code="x">policy default</subfield>
  </datafield>
  <datafield tag="955" ind1=" " ind2=" ">
    <subfield code="b">rm13 2014-10-06</subfield>
    <subfield code="i">rm13 2014-10-06 ONIX (telework)</subfield>
    <subfield code="w">xl06 2014-10-06</subfield>
    <subfield code="a">xn11 2015-05-23 1 copy rec&apos;d., to CIP ver.</subfield>
    <subfield code="f">rm06 2015-06-08 to CALM</subfield>
  </datafield>
  <datafield tag="010" ind1=" " ind2=" ">
    <subfield code="a">  2014039356</subfield>
  </datafield>
  <datafield tag="020" ind1=" " ind2=" ">
    <subfield code="a">9781476748962 (hardback)</subfield>
  </datafield>
  <datafield tag="020" ind1=" " ind2=" ">
    <subfield code="z">9781476748986 (ebook)</subfield>
  </datafield>
  <datafield tag="040" ind1=" " ind2=" ">
    <subfield code="a">DLC</subfield>
    <subfield code="b">eng</subfield>
    <subfield code="c">DLC</subfield>
    <subfield code="e">rda</subfield>
    <subfield code="d">DLC</subfield>
  </datafield>
  <datafield tag="050" ind1="0" ind2="0">
    <subfield code="a">HQ755.85</subfield>
    <subfield code="b">.T66 2015</subfield>
  </datafield>
  <datafield tag="082" ind1="0" ind2="0">
    <subfield code="a">306.874/2</subfield>
    <subfield code="2">23</subfield>
  </datafield>
  <datafield tag="084" ind1=" " ind2=" ">
    <subfield code="a">BIO026000</subfield>
    <subfield code="a">BIO007000</subfield>
    <subfield code="2">bisacsh</subfield>
  </datafield>
  <datafield tag="100" ind1="1" ind2=" ">
    <subfield code="a">Tomlinson, Sarah,</subfield>
    <subfield code="d">1976-</subfield>
  </datafield>
  <datafield tag="245" ind1="1" ind2="0">
    <subfield code="a">Good girl :</subfield>
    <subfield code="b">a memoir /</subfield>
    <subfield code="c">Sarah Tomlinson.</subfield>
  </datafield>
  <datafield tag="250" ind1=" " ind2=" ">
    <subfield code="a">First Gallery Books hardcover edition.</subfield>
  </datafield>
  <datafield tag="264" ind1=" " ind2="1">
    <subfield code="a">New York :</subfield>
    <subfield code="b">Gallery Books,</subfield>
    <subfield code="c">[2015]</subfield>
  </datafield>
  <datafield tag="300" ind1=" " ind2=" ">
    <subfield code="a">295 pages ;</subfield>
    <subfield code="c">24 cm</subfield>
  </datafield>
  <datafield tag="336" ind1=" " ind2=" ">
    <subfield code="a">text</subfield>
    <subfield code="b">txt</subfield>
    <subfield code="2">rdacontent</subfield>
  </datafield>
  <datafield tag="337" ind1=" " ind2=" ">
    <subfield code="a">unmediated</subfield>
    <subfield code="b">n</subfield>
    <subfield code="2">rdamedia</subfield>
  </datafield>
  <datafield tag="338" ind1=" " ind2=" ">
    <subfield code="a">volume</subfield>
    <subfield code="b">nc</subfield>
    <subfield code="2">rdacarrier</subfield>
  </datafield>
  <datafield tag="520" ind1=" " ind2=" ">
    <subfield code="a">&quot;Told with raw, rugged honesty, this heartrending memoir from journalist Sarah Tomlinson recounts her unconventional upbringing and coming-of-age as colored by her complicated relationship with her father.  Sarah Tomlinson was born on January 29, 1976, in a farmhouse in Freedom, Maine. After two years of attempted family life in Boston, her father&apos;s gambling addiction and broken promises led her mother to pool her resources with five other families to buy 100 acres of land in Maine and reunite with her college boyfriend. Sarah would spend the majority of her childhood on &quot;The Land&quot; with infrequent, but coveted, visits from her father, who--as a hitchhiking, acid-dropping, wannabe mystic turned taxi driver--was nothing short of a rock star in her eyes.  Propelled out of her bohemian upbringing to seek the big life she equated with her father, Sarah entered college at fifteen, where a school shooting further complicated her quest for a sense of safety. While establishing herself as a journalist and rock critic on both coasts, Sarah&apos;s father continued to swerve in and out of her life, building and re-breaking their relationship, and fracturing Sarah&apos;s confidence and sense of self. In this unforgettable memoir, Sarah conveys the dark comedy in her quest to repair the heart her father broke.  Bittersweet, honest, and ultimately redemptive, Good Girl takes an insightful look into what happens when the people we love unconditionally are the people who disappoint us the most, and how time, introspection, and acceptance can help us heal&quot;--</subfield>
    <subfield code="c">Provided by publisher.</subfield>
  </datafield>
  <datafield tag="520" ind1=" " ind2=" ">
    <subfield code="a">&quot;Told with raw, rugged honesty, this heartrending memoir recounts the author&apos;s unconventional upbringing and coming-of-age as colored by her complicated relationship with her father&quot;--</subfield>
    <subfield code="c">Provided by publisher.</subfield>
  </datafield>
  <datafield tag="650" ind1=" " ind2="0">
    <subfield code="a">Fathers and daughters</subfield>
    <subfield code="v">Biography.</subfield>
  </datafield>
  <datafield tag="650" ind1=" " ind2="0">
    <subfield code="a">Interpersonal relations.</subfield>
  </datafield>
  <datafield tag="650" ind1=" " ind2="0">
    <subfield code="a">Parental acceptance.</subfield>
  </datafield>
  <datafield tag="650" ind1=" " ind2="0">
    <subfield code="a">Fatherhood.</subfield>
  </datafield>
  <datafield tag="650" ind1=" " ind2="7">
    <subfield code="a">BIOGRAPHY &amp; AUTOBIOGRAPHY / Personal Memoirs.</subfield>
    <subfield code="2">bisacsh</subfield>
  </datafield>
  <datafield tag="650" ind1=" " ind2="7">
    <subfield code="a">BIOGRAPHY &amp; AUTOBIOGRAPHY / Literary.</subfield>
    <subfield code="2">bisacsh</subfield>
  </datafield>
</record>