
<record>
  <leader>02405cam a22003257i 4500</leader>
  <controlfield tag="001">18329780</controlfield>
  <controlfield tag="005">20200103120509.0</controlfield>
  <controlfield tag="008">141008s2015    azuab    b    001 0 eng c</controlfield>
  <datafield tag="906" ind1=" " ind2=" ">
    <subfield code="a">7</subfield>
    <subfield code="b">cbc</subfield>
    <subfield code="c">orignew</subfield>
    <subfield code="d">1</subfield>
    <subfield code="e">ecip</subfield>
    <subfield code="f">20</subfield>
    <subfield code="g">y-gencatlg</subfield>
  </datafield>
  <datafield tag="925" ind1="0" ind2=" ">
    <subfield code="a">acquire</subfield>
    <subfield code="b">1 shelf copy</subfield>
    <subfield code="x">policy default</subfield>
  </datafield>
  <datafield tag="955" ind1=" " ind2=" ">
    <subfield code="a">AzTeS</subfield>
    <subfield code="e">rm07 2014-11-06 (telework) to Dewey</subfield>
    <subfield code="w">xl03 2014-11-07</subfield>
    <subfield code="a">xn08 2015-05-21 1 copy rec&apos;d., to CIP ver.</subfield>
    <subfield code="f">rm06 2015-06-02 to CALM</subfield>
  </datafield>
  <datafield tag="010" ind1=" " ind2=" ">
    <subfield code="a">  2014030796</subfield>
  </datafield>
  <datafield tag="020" ind1=" " ind2=" ">
    <subfield code="a">9780816531165 (hardcover : alk. paper)</subfield>
  </datafield>
  <datafield tag="040" ind1=" " ind2=" ">
    <subfield code="a">AzTeS/DLC</subfield>
    <subfield code="b">eng</subfield>
    <subfield code="c">AzTeS</subfield>
    <subfield code="e">rda</subfield>
    <subfield code="d">DLC</subfield>
  </datafield>
  <datafield tag="050" ind1="0" ind2="0">
    <subfield code="a">HV6535.M63</subfield>
    <subfield code="b">C584 2015</subfield>
  </datafield>
  <datafield tag="082" ind1="0" ind2="0">
    <subfield code="a">791.43/6556</subfield>
    <subfield code="2">23</subfield>
  </datafield>
  <datafield tag="100" ind1="1" ind2=" ">
    <subfield code="a">Driver, Alice ,</subfield>
    <subfield code="e">author.</subfield>
  </datafield>
  <datafield tag="245" ind1="1" ind2="0">
    <subfield code="a">More or less dead :</subfield>
    <subfield code="b">feminicide, haunting, and the ethics of representation in Mexico /</subfield>
    <subfield code="c">Alice Driver.</subfield>
  </datafield>
  <datafield tag="264" ind1=" " ind2="1">
    <subfield code="a">Tucson :</subfield>
    <subfield code="b">The University of Arizona Press,</subfield>
    <subfield code="c">[2015]</subfield>
  </datafield>
  <datafield tag="300" ind1=" " ind2=" ">
    <subfield code="a">xxi, 197 pages ;</subfield>
    <subfield code="c">24 cm</subfield>
  </datafield>
  <datafield tag="336" ind1=" " ind2=" ">
    <subfield code="a">text</subfield>
    <subfield code="2">rdacontent</subfield>
  </datafield>
  <datafield tag="337" ind1=" " ind2=" ">
    <subfield code="a">unmediated</subfield>
    <subfield code="2">rdamedia</subfield>
  </datafield>
  <datafield tag="338" ind1=" " ind2=" ">
    <subfield code="a">volume</subfield>
    <subfield code="2">rdacarrier</subfield>
  </datafield>
  <datafield tag="504" ind1=" " ind2=" ">
    <subfield code="a">Includes bibliographical references (pages 175-190) and index.</subfield>
  </datafield>
  <datafield tag="520" ind1=" " ind2=" ">
    <subfield code="a">&quot;Through interviews with filmmakers, photographers, artists, and writers, this book analyzes how victims of gender violence have been represented in the mainstream media and how a number of writers, filmmakers, and artists work against this trope to humanize the victims of these crimes&quot;--Provided by publisher.</subfield>
  </datafield>
  <datafield tag="505" ind1="0" ind2=" ">
    <subfield code="a">Preface : disappearances have to disappear -- Introduction : feminicide and memory creation -- Interview : photographer Julián Cardona on Juárez and the limits of photography -- Monuments, memorials, graffiti, and street art : memory creation in an apocalyptic landscape -- Interview : writer Charles Bowden on feminicide and the asethetics of violence in Juárez -- More or less dead : literary representations of feminicide in Juárez : the laboratory of our future -- Interview : filmmaker Ursula Biemann on feminicide in Ciudad Juárez -- Representations of feminicide in documentary film : searching for ecotestimonios -- Interview : writer and filmmaker Mario Bellatin on dark humor and the horror of postmodernity -- The death of humanity and the human -- Epilogue : salvaging the luminosity of a lost city.</subfield>
  </datafield>
  <datafield tag="650" ind1=" " ind2="0">
    <subfield code="a">Women</subfield>
    <subfield code="x">Crimes against</subfield>
    <subfield code="z">Mexico</subfield>
    <subfield code="z">Ciudad Juárez.</subfield>
  </datafield>
  <datafield tag="650" ind1=" " ind2="0">
    <subfield code="a">Homicide</subfield>
    <subfield code="z">Mexico</subfield>
    <subfield code="z">Ciudad Juárez.</subfield>
  </datafield>
  <datafield tag="650" ind1=" " ind2="0">
    <subfield code="a">Victims of crimes in mass media.</subfield>
  </datafield>
  <datafield tag="985" ind1=" " ind2=" ">
    <subfield code="a">AzTeSCIP</subfield>
    <subfield code="d">2014-10-08</subfield>
  </datafield>
</record>