
<record>
  <leader>01934cam a22003377i 4500</leader>
  <controlfield tag="001">18333719</controlfield>
  <controlfield tag="005">20200103120509.0</controlfield>
  <controlfield tag="008">141014s2015    caua          000 0 eng  </controlfield>
  <datafield tag="906" ind1=" " ind2=" ">
    <subfield code="a">7</subfield>
    <subfield code="b">cbc</subfield>
    <subfield code="c">orignew</subfield>
    <subfield code="d">1</subfield>
    <subfield code="e">ecip</subfield>
    <subfield code="f">20</subfield>
    <subfield code="g">y-gencatlg</subfield>
  </datafield>
  <datafield tag="925" ind1="0" ind2=" ">
    <subfield code="a">acquire</subfield>
    <subfield code="b">1 shelf copy</subfield>
    <subfield code="x">policy default</subfield>
  </datafield>
  <datafield tag="955" ind1=" " ind2=" ">
    <subfield code="b">rk11 2014-10-14</subfield>
    <subfield code="i">rk11 2014-10-14 ONIX to Dewey</subfield>
    <subfield code="w">xl04 2014-10-16</subfield>
    <subfield code="a">xn12 2015-12-03 1 copy rec&apos;d., to CIP ver.</subfield>
    <subfield code="f">rk11 2015-12-14 to CALM</subfield>
    <subfield code="w">xm09 2016-09-01</subfield>
  </datafield>
  <datafield tag="010" ind1=" " ind2=" ">
    <subfield code="a">  2014040870</subfield>
  </datafield>
  <datafield tag="020" ind1=" " ind2=" ">
    <subfield code="a">9781452129402 (hardback)</subfield>
  </datafield>
  <datafield tag="040" ind1=" " ind2=" ">
    <subfield code="a">DLC</subfield>
    <subfield code="b">eng</subfield>
    <subfield code="c">DLC</subfield>
    <subfield code="e">rda</subfield>
    <subfield code="d">DLC</subfield>
  </datafield>
  <datafield tag="043" ind1=" " ind2=" ">
    <subfield code="a">n-us-ma</subfield>
  </datafield>
  <datafield tag="050" ind1="0" ind2="0">
    <subfield code="a">N7432.7</subfield>
    <subfield code="b">.M87 2015</subfield>
  </datafield>
  <datafield tag="082" ind1="0" ind2="0">
    <subfield code="a">701/.85</subfield>
    <subfield code="2">23</subfield>
  </datafield>
  <datafield tag="084" ind1=" " ind2=" ">
    <subfield code="a">ART007000</subfield>
    <subfield code="2">bisacsh</subfield>
  </datafield>
  <datafield tag="110" ind1="2" ind2=" ">
    <subfield code="a">Museum of Fine Arts, Boston,</subfield>
    <subfield code="e">author.</subfield>
  </datafield>
  <datafield tag="245" ind1="1" ind2="0">
    <subfield code="a">Blue :</subfield>
    <subfield code="b">cobalt to cerulean in art and culture.</subfield>
  </datafield>
  <datafield tag="264" ind1=" " ind2="1">
    <subfield code="a">San Francisco :</subfield>
    <subfield code="b">Chronicle Books ;</subfield>
    <subfield code="a">[Boston] : The Museum of Fine Arts, Boston,</subfield>
    <subfield code="c">2015.</subfield>
  </datafield>
  <datafield tag="300" ind1=" " ind2=" ">
    <subfield code="a">192 pages :</subfield>
    <subfield code="b">illustrations ;</subfield>
    <subfield code="c">16 x 21 cm</subfield>
  </datafield>
  <datafield tag="336" ind1=" " ind2=" ">
    <subfield code="a">text</subfield>
    <subfield code="2">rdacontent</subfield>
  </datafield>
  <datafield tag="336" ind1=" " ind2=" ">
    <subfield code="a">still image</subfield>
    <subfield code="2">rdacontent</subfield>
  </datafield>
  <datafield tag="337" ind1=" " ind2=" ">
    <subfield code="a">unmediated</subfield>
    <subfield code="2">rdamedia</subfield>
  </datafield>
  <datafield tag="338" ind1=" " ind2=" ">
    <subfield code="a">volume</subfield>
    <subfield code="2">rdacarrier</subfield>
  </datafield>
  <datafield tag="500" ind1=" " ind2=" ">
    <subfield code="a">&quot;From the Collection of the Museum of Fine Arts, Boston.&quot;</subfield>
  </datafield>
  <datafield tag="505" ind1="0" ind2=" ">
    <subfield code="a">Introduction: Blue Notes, by Adam Tessier -- The Significance of Blue in Ancient Egyptian Art / by Denise Doxey -- Egyptian Blue and Egyptian Faience / by Pamela Hatchfield -- Indigo / by Pamela Parmal -- The Brilliant Kingfisher / by Yvonne Markowitz -- Porcelaneous Blue: The Blue-and-White Tradition in Chinese Porcelain / by Nancy Berliner -- The Rise of Blue in Europe / by Rhona MacBeth -- A Blue Plate Special: Five Centuries of Blue in European Ceramics, 1500 to Today / by Thomas Michie -- The Blues of the Japanese Landscape: Hokusai&apos;s Prints of Mount Fuji / by Sarah Thompson -- Cyanotype Potography / by Anne E. Havinga -- The Blues / by Caroline Cole.</subfield>
  </datafield>
  <datafield tag="650" ind1=" " ind2="0">
    <subfield code="a">Blue in art.</subfield>
  </datafield>
  <datafield tag="610" ind1="2" ind2="0">
    <subfield code="a">Museum of Fine Arts, Boston.</subfield>
  </datafield>
  <datafield tag="650" ind1=" " ind2="7">
    <subfield code="a">ART / Color Theory.</subfield>
    <subfield code="2">bisacsh</subfield>
  </datafield>
</record>