
<record>
  <leader>03114cam a22003857i 4500</leader>
  <controlfield tag="001">18335950</controlfield>
  <controlfield tag="005">20200103120510.0</controlfield>
  <controlfield tag="008">141015s2015    flu      b    001 0 eng  </controlfield>
  <datafield tag="906" ind1=" " ind2=" ">
    <subfield code="a">7</subfield>
    <subfield code="b">cbc</subfield>
    <subfield code="c">orignew</subfield>
    <subfield code="d">1</subfield>
    <subfield code="e">ecip</subfield>
    <subfield code="f">20</subfield>
    <subfield code="g">y-gencatlg</subfield>
  </datafield>
  <datafield tag="925" ind1="0" ind2=" ">
    <subfield code="a">acquire</subfield>
    <subfield code="b">1 shelf copy</subfield>
    <subfield code="x">policy default</subfield>
  </datafield>
  <datafield tag="955" ind1=" " ind2=" ">
    <subfield code="d">xl05 2014-10-17</subfield>
    <subfield code="w">xl05 2014-10-17 (telework)</subfield>
    <subfield code="a">xn12 2015-05-20 1 copy rec&apos;d., to CIP ver.</subfield>
    <subfield code="f">rm06 2015-06-01 to CALM</subfield>
  </datafield>
  <datafield tag="010" ind1=" " ind2=" ">
    <subfield code="a">  2014040865</subfield>
  </datafield>
  <datafield tag="020" ind1=" " ind2=" ">
    <subfield code="a">9781482201109 (hardcover : alk. paper)</subfield>
  </datafield>
  <datafield tag="035" ind1=" " ind2=" ">
    <subfield code="a">(DNLM)101643553</subfield>
  </datafield>
  <datafield tag="040" ind1=" " ind2=" ">
    <subfield code="a">DNLM/DLC</subfield>
    <subfield code="c">DLC</subfield>
    <subfield code="e">rda</subfield>
    <subfield code="d">DLC</subfield>
  </datafield>
  <datafield tag="050" ind1="0" ind2="0">
    <subfield code="a">HV4708</subfield>
    <subfield code="b">.C35 2015</subfield>
  </datafield>
  <datafield tag="060" ind1="1" ind2="0">
    <subfield code="a">QY 54</subfield>
  </datafield>
  <datafield tag="082" ind1="0" ind2="0">
    <subfield code="a">179/.4</subfield>
    <subfield code="2">23</subfield>
  </datafield>
  <datafield tag="245" ind1="0" ind2="4">
    <subfield code="a">The care and feeding of an IACUC :</subfield>
    <subfield code="b">the organization and management of an institutional animal care and use committee /</subfield>
    <subfield code="c">edited by Whitney Kayla Petrie, Ph.D., R.L.A.T.G., C.P.I.A., University of California, Davis, CA, Sonja Lea Wallace, B.A., R.V.T., R.L.A.T.G., C.P.I.A. Stanford University, Palo Alto, California, USA.</subfield>
  </datafield>
  <datafield tag="250" ind1=" " ind2=" ">
    <subfield code="a">Second edition.</subfield>
  </datafield>
  <datafield tag="264" ind1=" " ind2="1">
    <subfield code="a">Boca Raton :</subfield>
    <subfield code="b">CRC Press, Taylor &amp; Francis Group,</subfield>
    <subfield code="c">2015.</subfield>
  </datafield>
  <datafield tag="300" ind1=" " ind2=" ">
    <subfield code="a">xvi, 364 pages ;</subfield>
    <subfield code="c">25 cm.</subfield>
  </datafield>
  <datafield tag="336" ind1=" " ind2=" ">
    <subfield code="a">text</subfield>
    <subfield code="2">rdacontent</subfield>
  </datafield>
  <datafield tag="337" ind1=" " ind2=" ">
    <subfield code="a">unmediated</subfield>
    <subfield code="2">rdamedia</subfield>
  </datafield>
  <datafield tag="338" ind1=" " ind2=" ">
    <subfield code="a">volume</subfield>
    <subfield code="2">rdacarrier</subfield>
  </datafield>
  <datafield tag="504" ind1=" " ind2=" ">
    <subfield code="a">Includes bibliographical references and index.</subfield>
  </datafield>
  <datafield tag="505" ind1="0" ind2=" ">
    <subfield code="a">Introduction to the IACUC : its purpose and function / Cyndi Rosenblatt and Patrick E. Sharp -- Role of the IACUC, bioethics, and scientific review : essential environment for IACUC success / Jerry Collins -- Institutional policies, guidelines, and procedures / Mary Jo Shepherd -- Protocol processing : from submission to approval / Melinda S. Hollander -- Elements of the protocol form : how to complete &amp; review / Monte Matthews -- Semiannual program evaluation, facility Inspections, and post-approval monitoring : all part of the same thing / Deborah A. Frolicher -- IACUC oversight of training and qualification in animal care and use / Nicole Duffee -- Navigating the search for alternatives / Mary W. Wood and Michael Kreger -- The relationship between the IACUC and principal investigators / Bill Yates -- Interactions with other institutional panels / William G. Greer -- The IACUC and laboratory animal resources / Stephen A. Felt and Sherril L. Green -- International IACUCs and outside collaborations / Patrick E. Sharp -- IACUCs from an academic perspective / Linda N. Brovarney -- IACUC issues in industry / Marcy Brown and Jane Chambers -- Perspectives of an IACUC chair / Kathleen A. Murra -- Perspectives of a non-affiliated/outside member / Mark S. Christensen -- Managing a proactive progressive animal care and use program / Taylor Bennett and Andrew D. Cardon.</subfield>
  </datafield>
  <datafield tag="650" ind1="1" ind2="2">
    <subfield code="a">Animal Care Committees</subfield>
    <subfield code="x">organization &amp; administration</subfield>
    <subfield code="z">United States.</subfield>
  </datafield>
  <datafield tag="650" ind1="2" ind2="2">
    <subfield code="a">Animals, Laboratory</subfield>
    <subfield code="z">United States.</subfield>
  </datafield>
  <datafield tag="650" ind1="2" ind2="2">
    <subfield code="a">Ethics Committees</subfield>
    <subfield code="x">organization &amp; administration</subfield>
    <subfield code="z">United States.</subfield>
  </datafield>
  <datafield tag="650" ind1="2" ind2="2">
    <subfield code="a">Laboratory Animal Science</subfield>
    <subfield code="x">standards</subfield>
    <subfield code="z">United States.</subfield>
  </datafield>
  <datafield tag="700" ind1="1" ind2=" ">
    <subfield code="a">Petrie, Whitney,</subfield>
    <subfield code="e">editor.</subfield>
  </datafield>
  <datafield tag="700" ind1="1" ind2=" ">
    <subfield code="a">Wallace, Sonja L.,</subfield>
    <subfield code="e">editor.</subfield>
  </datafield>
  <datafield tag="952" ind1=" " ind2=" ">
    <subfield code="a">To LC: Prev. ed. LCCN 98051623</subfield>
  </datafield>
  <datafield tag="985" ind1=" " ind2=" ">
    <subfield code="a">NLMCIP</subfield>
    <subfield code="d">2014-10-16</subfield>
  </datafield>
</record>