
<record>
  <leader>04348cam a22004217i 4500</leader>
  <controlfield tag="001">18344278</controlfield>
  <controlfield tag="005">20200103120510.0</controlfield>
  <controlfield tag="008">141022s2015    enka   f b    001 0 eng c</controlfield>
  <datafield tag="906" ind1=" " ind2=" ">
    <subfield code="a">7</subfield>
    <subfield code="b">cbc</subfield>
    <subfield code="c">pccadap</subfield>
    <subfield code="d">2</subfield>
    <subfield code="e">ncip</subfield>
    <subfield code="f">20</subfield>
    <subfield code="g">y-gencatlg</subfield>
  </datafield>
  <datafield tag="925" ind1="0" ind2=" ">
    <subfield code="a">acquire</subfield>
    <subfield code="b">1 shelf copy</subfield>
    <subfield code="x">Sel/ddw, 2015-11-02</subfield>
  </datafield>
  <datafield tag="955" ind1=" " ind2=" ">
    <subfield code="b">rm05 2016-03-31 z-processor</subfield>
    <subfield code="i">rm05 2016-04-04 to CALM</subfield>
  </datafield>
  <datafield tag="010" ind1=" " ind2=" ">
    <subfield code="a">  2014954949</subfield>
  </datafield>
  <datafield tag="015" ind1=" " ind2=" ">
    <subfield code="a">GBB509200</subfield>
    <subfield code="2">bnb</subfield>
  </datafield>
  <datafield tag="020" ind1=" " ind2=" ">
    <subfield code="a">9781784711764</subfield>
    <subfield code="q">(hbk.)</subfield>
  </datafield>
  <datafield tag="020" ind1=" " ind2=" ">
    <subfield code="a">1784711764</subfield>
    <subfield code="q">(hbk.)</subfield>
  </datafield>
  <datafield tag="020" ind1=" " ind2=" ">
    <subfield code="z">9781784711771</subfield>
    <subfield code="q">(ebook)</subfield>
  </datafield>
  <datafield tag="035" ind1=" " ind2=" ">
    <subfield code="a">(OCoLC)ocn906539587</subfield>
  </datafield>
  <datafield tag="040" ind1=" " ind2=" ">
    <subfield code="a">CDX</subfield>
    <subfield code="b">eng</subfield>
    <subfield code="c">CDX</subfield>
    <subfield code="e">rda</subfield>
    <subfield code="d">OCLCO</subfield>
    <subfield code="d">YDXCP</subfield>
    <subfield code="d">OCLCQ</subfield>
    <subfield code="d">OCLCO</subfield>
    <subfield code="d">CHVBK</subfield>
    <subfield code="d">OCLCO</subfield>
    <subfield code="d">OCLCQ</subfield>
    <subfield code="d">OCLCF</subfield>
    <subfield code="d">OCLCO</subfield>
    <subfield code="d">UPM</subfield>
    <subfield code="d">GUL</subfield>
    <subfield code="d">EQO</subfield>
    <subfield code="d">OXF</subfield>
    <subfield code="d">OCL</subfield>
    <subfield code="d">NLE</subfield>
    <subfield code="d">OCLCQ</subfield>
    <subfield code="d">DLC</subfield>
  </datafield>
  <datafield tag="050" ind1="0" ind2="0">
    <subfield code="a">HF5387</subfield>
    <subfield code="b">.B873 2015</subfield>
  </datafield>
  <datafield tag="245" ind1="0" ind2="0">
    <subfield code="a">Business and the greater good :</subfield>
    <subfield code="b">rethinking business ethics in an age of crisis /</subfield>
    <subfield code="c">edited by Knut J. Ims, Professor, NHH Norwegian School of Economics, Norway, Lars Jacob Tynes Pedersen, Associate Professor, NHH Norwegian School of Economics, Norway.</subfield>
  </datafield>
  <datafield tag="264" ind1=" " ind2="1">
    <subfield code="a">Cheltenham, UK :</subfield>
    <subfield code="b">Edward Elgar,</subfield>
    <subfield code="c">[2015]</subfield>
  </datafield>
  <datafield tag="300" ind1=" " ind2=" ">
    <subfield code="a">xiii, 287 pages :</subfield>
    <subfield code="b">illustrations ;</subfield>
    <subfield code="c">24 cm.</subfield>
  </datafield>
  <datafield tag="336" ind1=" " ind2=" ">
    <subfield code="a">text</subfield>
    <subfield code="b">txt</subfield>
    <subfield code="2">rdacontent</subfield>
  </datafield>
  <datafield tag="337" ind1=" " ind2=" ">
    <subfield code="a">unmediated</subfield>
    <subfield code="b">n</subfield>
    <subfield code="2">rdamedia</subfield>
  </datafield>
  <datafield tag="338" ind1=" " ind2=" ">
    <subfield code="a">volume</subfield>
    <subfield code="b">nc</subfield>
    <subfield code="2">rdacarrier</subfield>
  </datafield>
  <datafield tag="490" ind1="1" ind2=" ">
    <subfield code="a">Studies in transatlantic business ethics</subfield>
  </datafield>
  <datafield tag="505" ind1="0" ind2=" ">
    <subfield code="a">ch. 1. Rethinking business ethics in an age of crisis / Knut J. Ims and Lars Jacob Tynes Pedersen -- Part I. From inequality to equality -- ch. 2. The business of inequality / George G. Brenkert -- ch. 3. The profit maximization mantra and the challenge of regaining trust, humanity and purpose in an age of crisis / Wesley Cragg -- ch. 4. Business and the greater good as a combination of private and public wealth / Georges Enderle -- ch. 5. The toroise and the hare : alternative approaches to capitalism / Eleanor O&apos;Higgins -- Part II. From the technical-materialistic to the ecological-spiritual -- ch. 6. Materialistic versus non-materialistic value-orientation in management / Laszlo Zsolnai -- ch. 7. The source of ethical competency : Eastern perspectives provided by a Westerner / Peter Pruzan -- ch. 8. Aesthetics, human rights and economic life : temporal perspectives . Kevin T. Jackson -- ch. 9. Ecological economics : a new paradigm ahead / Ove Jakobsen -- Part III. From compliance and enforcement to autonomy and responsibility -- ch. 10. Personal responsibility for the greater good / Knut J. Ims and Lars Jacob Tynes Pedersen -- ch. 11. Developing a framework for critiquing multi-stakeholder codes of conduct / S. Prakash Sethi and Donald H. Schepers -- ch. 12. Socratic dialogue -- designed in the Nelson-Heckmann tradition : a tool for reducing the theory-practice divide in business ethics / Johannes Brinkmann -- ch. 13. The future of business ethics : a structured dialogue between the participants / Knut J. Ims and Lars Jacob Tynes Pedersen.</subfield>
  </datafield>
  <datafield tag="520" ind1=" " ind2=" ">
    <subfield code="a">With cutting-edge insights from leading European and North American scholars, this authoritative book addresses the fundamental problems of business in an age of crisis whilst presenting radical, but practical, solutions. The contributors explore three main value shifts: from inequality to equality, from the technical-materialistic to the ecological-spiritual, and from compliance and enforcement to autonomy and responsibility. A number of striking issues are addressed including the doctrine of self-interest, the purpose of business, codes of conduct, personal responsibility, existential perspectives on business ethics and the development of ethical competence. This book will be an essential point of reference for academic researchers and postgraduate students in business ethics and corporate social responsibility, as well as practitioners interested in the relevance of business ethics to leadership, management, strategy and finance.</subfield>
  </datafield>
  <datafield tag="504" ind1=" " ind2=" ">
    <subfield code="a">Includes bibliographical references and index.</subfield>
  </datafield>
  <datafield tag="650" ind1=" " ind2="0">
    <subfield code="a">Business ethics.</subfield>
  </datafield>
  <datafield tag="650" ind1=" " ind2="0">
    <subfield code="a">Social responsibility of business.</subfield>
  </datafield>
  <datafield tag="650" ind1=" " ind2="7">
    <subfield code="a">Business ethics.</subfield>
    <subfield code="2">fast</subfield>
    <subfield code="0">(OCoLC)fst00842675</subfield>
  </datafield>
  <datafield tag="650" ind1=" " ind2="7">
    <subfield code="a">Social responsibility of business.</subfield>
    <subfield code="2">fast</subfield>
    <subfield code="0">(OCoLC)fst01122851</subfield>
  </datafield>
  <datafield tag="650" ind1=" " ind2="7">
    <subfield code="a">Unternehmensethik.</subfield>
    <subfield code="2">gnd</subfield>
    <subfield code="0">(DE-588)4202404-3</subfield>
  </datafield>
  <datafield tag="700" ind1="1" ind2=" ">
    <subfield code="a">Ims, Knut Johannessen,</subfield>
    <subfield code="d">1951-</subfield>
    <subfield code="e">editor.</subfield>
  </datafield>
  <datafield tag="700" ind1="1" ind2=" ">
    <subfield code="a">Pedersen, Lars J. T.,</subfield>
    <subfield code="e">editor.</subfield>
  </datafield>
  <datafield tag="776" ind1="0" ind2="8">
    <subfield code="i">Ebook version</subfield>
    <subfield code="z">9781784711771</subfield>
  </datafield>
  <datafield tag="830" ind1=" " ind2="0">
    <subfield code="a">Studies in transatlantic business ethics.</subfield>
  </datafield>
</record>