
<record>
  <leader>04686cam a22003857i 4500</leader>
  <controlfield tag="001">18344398</controlfield>
  <controlfield tag="005">20200103120511.0</controlfield>
  <controlfield tag="008">141022t20152015enk      b    001 0 eng c</controlfield>
  <datafield tag="906" ind1=" " ind2=" ">
    <subfield code="a">7</subfield>
    <subfield code="b">cbc</subfield>
    <subfield code="c">pccadap</subfield>
    <subfield code="d">2</subfield>
    <subfield code="e">ncip</subfield>
    <subfield code="f">20</subfield>
    <subfield code="g">y-gencatlg</subfield>
  </datafield>
  <datafield tag="925" ind1="0" ind2=" ">
    <subfield code="a">acquire</subfield>
    <subfield code="b">1 shelf copy</subfield>
    <subfield code="x">policy default</subfield>
  </datafield>
  <datafield tag="955" ind1=" " ind2=" ">
    <subfield code="b">rm05 2015-07-16 z-processor</subfield>
    <subfield code="i">rm05 2015-07-21 to BCCD (Telework)</subfield>
  </datafield>
  <datafield tag="010" ind1=" " ind2=" ">
    <subfield code="a">  2014954960</subfield>
  </datafield>
  <datafield tag="020" ind1=" " ind2=" ">
    <subfield code="a">9781783477036 (hardback)</subfield>
  </datafield>
  <datafield tag="020" ind1=" " ind2=" ">
    <subfield code="a">1783477032 (hardback)</subfield>
  </datafield>
  <datafield tag="020" ind1=" " ind2=" ">
    <subfield code="z">9781783477050 (paperback)</subfield>
  </datafield>
  <datafield tag="020" ind1=" " ind2=" ">
    <subfield code="z">1783477059 (paperback)</subfield>
  </datafield>
  <datafield tag="035" ind1=" " ind2=" ">
    <subfield code="a">(OCoLC)ocn910219499</subfield>
  </datafield>
  <datafield tag="040" ind1=" " ind2=" ">
    <subfield code="a">YDXCP</subfield>
    <subfield code="b">eng</subfield>
    <subfield code="c">YDXCP</subfield>
    <subfield code="e">rda</subfield>
    <subfield code="d">OCLCO</subfield>
    <subfield code="d">OSU</subfield>
    <subfield code="d">OKU</subfield>
    <subfield code="d">DLC</subfield>
  </datafield>
  <datafield tag="050" ind1="0" ind2="0">
    <subfield code="a">H97</subfield>
    <subfield code="b">.T665 2015</subfield>
  </datafield>
  <datafield tag="245" ind1="0" ind2="4">
    <subfield code="a">The tools of policy formulation :</subfield>
    <subfield code="b">actors, capacities, venues and effects /</subfield>
    <subfield code="c">edited by Andrew J. Jordan (Tyndall Centre for Climate Change Research, School of Environmental Sciences, University of East Anglia, UK), John R. Turnpenny (School of Politics, Philosophy, Language and Communication Studies, University of East Anglia, UK).</subfield>
  </datafield>
  <datafield tag="264" ind1=" " ind2="1">
    <subfield code="a">Cheltenham, UK :</subfield>
    <subfield code="a">Northampton, MA :</subfield>
    <subfield code="b">Edward Elgar Publishing Limited,</subfield>
    <subfield code="c">[2015]</subfield>
  </datafield>
  <datafield tag="264" ind1=" " ind2="4">
    <subfield code="c">©2015</subfield>
  </datafield>
  <datafield tag="300" ind1=" " ind2=" ">
    <subfield code="a">xvii, 301 pages ;</subfield>
    <subfield code="c">24 cm.</subfield>
  </datafield>
  <datafield tag="336" ind1=" " ind2=" ">
    <subfield code="a">text</subfield>
    <subfield code="b">txt</subfield>
    <subfield code="2">rdacontent</subfield>
  </datafield>
  <datafield tag="337" ind1=" " ind2=" ">
    <subfield code="a">unmediated</subfield>
    <subfield code="b">n</subfield>
    <subfield code="2">rdamedia</subfield>
  </datafield>
  <datafield tag="338" ind1=" " ind2=" ">
    <subfield code="a">volume</subfield>
    <subfield code="b">nc</subfield>
    <subfield code="2">rdacarrier</subfield>
  </datafield>
  <datafield tag="490" ind1="1" ind2=" ">
    <subfield code="a">New horizons in public policy</subfield>
  </datafield>
  <datafield tag="520" ind1=" " ind2=" ">
    <subfield code="a">Policy analysts are accustomed to thinking in terms of tools and instruments. Yet an authoritative examination of the tools which have been developed to formulate new policies is missing. This book is the first of its kind to distinguish the defining characteristics of the main policy formulation tools, and offer a fresh way of understanding how, why and by whom they are selected, as well as the effects they produce in practice. The editors bring together thirteen specially commissioned chapters that, for the first time, explore the tools and their features in a comparable fashion, including: scenarios, indicators, computerised models, cost-benefit and multi-criteria analysis. They develop a novel analytical framework for understanding the form and function of the main tools, which encompasses definitions of key terms, a typology and relevant theoretical explanations. This book will appeal to postgraduate students, scholars and researchers of policy analysis, public policy, decision making and public management. It will also encourage developers and practitioners of policy formulation tools to reflect critically on their work.</subfield>
  </datafield>
  <datafield tag="504" ind1=" " ind2=" ">
    <subfield code="a">Includes bibliographical references and index.</subfield>
  </datafield>
  <datafield tag="505" ind1="0" ind2=" ">
    <subfield code="a">The tools of policy formulation : an introduction / John R. Turnpenny, Andrew J. Jordan, David Benson and Tim Rayner -- Participatory assessment : tools for empowering, learning and legitimating? / Matthijs Hisschemöller and Eefie Cuupen -- Scenarios : tools for comping with complexity and future uncertainty? / Marta Pérez-Soba and Rob Maas -- Indicators : tools for informing, monitoring or controlling? / Markku Lehtonen -- Computerized models : tools for assessing the future of complex systems? / Martin K. van Ittersum and Barbara Sterk -- Multi-criteria analysis : a tool for going beyond monetization? / Catherine D. Gamper and Catrinel Turcanu -- Cost-benefit analysis : a tool that is both useful and influential? / Giles Atkinson -- Policy formulation, policy advice and policy appraisal : the distribution of analytical tools / Michael Howlett, Seck L. Tan, Andrea Migone, Adam Wellstead and Bryan Evans -- The use of policy formation tools in the venue of policy appraisal : patterns and underlying motivations / John R. Turnpenny, Andrew J. Jordan, Camilla Adelle, Stephan Bartke, Thomas Bournaris, Petrus Kautto, Hanna Kuittinen, Lars Ege Larsen, Christina Moulogianni, Sanna-Riikka Saarela and Sabine Weiland -- Policy formation tool use in emerging policy spheres : a developing country perspective / Sachin Warghade -- The effects of targets and indicators on policy formation : narrowing down, crowding out and locking in / Christina Boswell, Steve Yearly, Colin Fleming, Eugénia Rodrigues and Graham Spinardi -- The use of computerized models in different policy formulation venues : the MARKAL energy model / Paul Upham, Peter Taylor, David Christopherson and Will McDowall -- The tools of policy formation : new perspectives and new challenges / Andrew J. Jordan, John R. Turnpenny, and Tim Rayner.</subfield>
  </datafield>
  <datafield tag="650" ind1=" " ind2="0">
    <subfield code="a">Policy sciences.</subfield>
  </datafield>
  <datafield tag="700" ind1="1" ind2=" ">
    <subfield code="a">Jordan, Andrew,</subfield>
    <subfield code="d">1968-</subfield>
    <subfield code="e">editor.</subfield>
  </datafield>
  <datafield tag="700" ind1="1" ind2=" ">
    <subfield code="a">Turnpenny, John,</subfield>
    <subfield code="e">editor.</subfield>
  </datafield>
  <datafield tag="776" ind1="0" ind2="8">
    <subfield code="i">Online version:</subfield>
    <subfield code="t">Tools of policy formulation.</subfield>
    <subfield code="d">Cheltenham : Edward Elgar Pub. Ltd., 2015</subfield>
    <subfield code="z">9781783477043</subfield>
    <subfield code="w">(OCoLC)907677449</subfield>
  </datafield>
  <datafield tag="830" ind1=" " ind2="0">
    <subfield code="a">New horizons in public policy.</subfield>
  </datafield>
</record>