
<record>
  <leader>03305cam a2200457 i 4500</leader>
  <controlfield tag="001">18346767</controlfield>
  <controlfield tag="005">20200103143532.0</controlfield>
  <controlfield tag="008">141024s2012    bl a     bk   000 0 por d</controlfield>
  <datafield tag="906" ind1=" " ind2=" ">
    <subfield code="a">0</subfield>
    <subfield code="b">ibc</subfield>
    <subfield code="c">copycat</subfield>
    <subfield code="d">2</subfield>
    <subfield code="e">ncip</subfield>
    <subfield code="f">20</subfield>
    <subfield code="g">y-genmusic</subfield>
  </datafield>
  <datafield tag="925" ind1="0" ind2=" ">
    <subfield code="a">acquire</subfield>
    <subfield code="b">1 shelf copy</subfield>
    <subfield code="x">policy default</subfield>
  </datafield>
  <datafield tag="955" ind1=" " ind2=" ">
    <subfield code="b">wr08 2019-08-29 z-processor</subfield>
    <subfield code="c">wr08 2019-08-29</subfield>
    <subfield code="d">vl31 2020-01-03 telework</subfield>
  </datafield>
  <datafield tag="955" ind1=" " ind2=" ">
    <subfield code="b">wr14 2014-10-24 z-processor</subfield>
  </datafield>
  <datafield tag="010" ind1=" " ind2=" ">
    <subfield code="a">  2014340632</subfield>
  </datafield>
  <datafield tag="016" ind1="7" ind2=" ">
    <subfield code="a">018187373</subfield>
    <subfield code="2">Uk</subfield>
  </datafield>
  <datafield tag="020" ind1=" " ind2=" ">
    <subfield code="a">9788565792011</subfield>
  </datafield>
  <datafield tag="020" ind1=" " ind2=" ">
    <subfield code="a">8565792013</subfield>
  </datafield>
  <datafield tag="035" ind1=" " ind2=" ">
    <subfield code="a">(OCoLC)ocn944187337</subfield>
  </datafield>
  <datafield tag="037" ind1=" " ind2=" ">
    <subfield code="a">SB-69002</subfield>
    <subfield code="b">BACH</subfield>
  </datafield>
  <datafield tag="040" ind1=" " ind2=" ">
    <subfield code="a">NYP</subfield>
    <subfield code="b">eng</subfield>
    <subfield code="c">NYP</subfield>
    <subfield code="e">rda</subfield>
    <subfield code="d">OCLCF</subfield>
    <subfield code="d">STF</subfield>
    <subfield code="d">FUG</subfield>
    <subfield code="d">PAU</subfield>
    <subfield code="d">UKMGB</subfield>
    <subfield code="d">OCLCQ</subfield>
    <subfield code="d">OCLCO</subfield>
    <subfield code="d">DLC</subfield>
  </datafield>
  <datafield tag="042" ind1=" " ind2=" ">
    <subfield code="a">lcode</subfield>
    <subfield code="a">lccopycat</subfield>
  </datafield>
  <datafield tag="043" ind1=" " ind2=" ">
    <subfield code="a">s-bl---</subfield>
  </datafield>
  <datafield tag="097" ind1="0" ind2="0">
    <subfield code="a">ML410.V178</subfield>
    <subfield code="b">B67 2012</subfield>
  </datafield>
  <datafield tag="100" ind1="1" ind2=" ">
    <subfield code="a">Borges, Sueli,</subfield>
    <subfield code="e">author.</subfield>
  </datafield>
  <datafield tag="245" ind1="1" ind2="0">
    <subfield code="a">Chegou a hora dessa gente bronzeada mostrar seu valor :</subfield>
    <subfield code="b">samba e brasilidade em Assis Valente /</subfield>
    <subfield code="c">Sueli Borges.</subfield>
  </datafield>
  <datafield tag="250" ind1=" " ind2=" ">
    <subfield code="a">1a edição.</subfield>
  </datafield>
  <datafield tag="264" ind1=" " ind2="1">
    <subfield code="a">Salvador :</subfield>
    <subfield code="b">Pinaúna Editora,</subfield>
    <subfield code="c">2012.</subfield>
  </datafield>
  <datafield tag="300" ind1=" " ind2=" ">
    <subfield code="a">174 pages :</subfield>
    <subfield code="b">illustration ;</subfield>
    <subfield code="c">21 cm</subfield>
  </datafield>
  <datafield tag="336" ind1=" " ind2=" ">
    <subfield code="a">text</subfield>
    <subfield code="b">txt</subfield>
    <subfield code="2">rdacontent</subfield>
  </datafield>
  <datafield tag="337" ind1=" " ind2=" ">
    <subfield code="a">unmediated</subfield>
    <subfield code="b">n</subfield>
    <subfield code="2">rdamedia</subfield>
  </datafield>
  <datafield tag="338" ind1=" " ind2=" ">
    <subfield code="a">volume</subfield>
    <subfield code="b">nc</subfield>
    <subfield code="2">rdacarrier</subfield>
  </datafield>
  <datafield tag="490" ind1="1" ind2=" ">
    <subfield code="a">Sons da Bahia ;</subfield>
    <subfield code="v">1</subfield>
  </datafield>
  <datafield tag="500" ind1=" " ind2=" ">
    <subfield code="a">Originally presented as the author&apos;s thesis (master&apos;s)--Universidade Federal da Bahia.</subfield>
  </datafield>
  <datafield tag="504" ind1=" " ind2=" ">
    <subfield code="a">Includes bibliographical references and discography (pages 169-173).</subfield>
  </datafield>
  <datafield tag="505" ind1="0" ind2="0">
    <subfield code="t">Apresentação</subfield>
    <subfield code="t">Metodologia Da Pesquisa --</subfield>
    <subfield code="t">Cultura E Identidade Nacional No Brasil --</subfield>
    <subfield code="t">A Homilia Nacionalista E O Nacionalismo Brasileiro --</subfield>
    <subfield code="t">O Projeto Miscigenador E A Música Nacional --</subfield>
    <subfield code="t">Músicas Urbana, Nacional E Popular --</subfield>
    <subfield code="t">Crônicas Musicais --</subfield>
    <subfield code="t">Crónicas Musicais Urbanas: Este Brasil Do &quot;Good Bye, Boy&quot; --</subfield>
    <subfield code="t">Crônicas Da Raça: Esta &quot;Gente Bronzeada&quot; --</subfield>
    <subfield code="t">Crônicas Da Nação: &quot;Cantando Meu Brasil Desperta&quot; --</subfield>
    <subfield code="t">&quot;Brasil, Não Te Esqueças De Mim. Este Preto Da Terra De Nosso Senhor Do Bonfim&quot; --</subfield>
    <subfield code="t">Entre Santo Amaro E Rio De Janeiro: A Construção De Uma Vida --</subfield>
    <subfield code="t">Entre As Dentaduras E O Samba: A Construção De Um Artista --</subfield>
    <subfield code="t">Entre Amores E Desilusões: A Construção De Uma Autobiografia --</subfield>
    <subfield code="t">Entre Uma Alma Atormentada E Um Artista Abandonado: A Construção Do Suicídio --</subfield>
    <subfield code="t">Considerações Finais.</subfield>
  </datafield>
  <datafield tag="520" ind1=" " ind2=" ">
    <subfield code="a">&quot;Este livro analisa a vida e a obra de Assis Valente, compositor, nascido na Bahia, autor de cerca de 150 canções, muitas interpretadas por artistas de maior destaque da música brasileira, nas décadas de 1930 e 1940, como Carmem Miranda. Sueli Borges, em seu livro de estreia, esquadrinha sua biografia articulando o homem e seu tempo, a música e a cultura da época, as letras de Assis e a realidade brasileira. Aqui, os admiradores e os interessados na área encontrarão uma aula de brasilidade, de como os que nos antecederam se esforçaram para construir a nossa identidade nacional em meio a uma sociedade marcada pela herança escravocrata, racista e centralizadora. E como a música suavizou tudo isso, apontando sempre para nossa diversidade cultural, apesar da tragédia que marcou a vida de Valente.&quot;--Publisher.</subfield>
  </datafield>
  <datafield tag="600" ind1="1" ind2="0">
    <subfield code="a">Valente, Assis,</subfield>
    <subfield code="d">1908-1958.</subfield>
  </datafield>
  <datafield tag="650" ind1=" " ind2="0">
    <subfield code="a">Popular music</subfield>
    <subfield code="z">Brazil.</subfield>
  </datafield>
  <datafield tag="650" ind1=" " ind2="0">
    <subfield code="a">Sambas.</subfield>
  </datafield>
  <datafield tag="650" ind1=" " ind2="0">
    <subfield code="a">National characteristics, Brazilian.</subfield>
  </datafield>
  <datafield tag="830" ind1=" " ind2="0">
    <subfield code="a">Sons da Bahia ;</subfield>
    <subfield code="v">1.</subfield>
  </datafield>
  <datafield tag="985" ind1=" " ind2=" ">
    <subfield code="e">ODE-rj</subfield>
  </datafield>
</record>