
<record>
  <leader>05774cam a22003497i 4500</leader>
  <controlfield tag="001">18350006</controlfield>
  <controlfield tag="005">20200103120512.0</controlfield>
  <controlfield tag="008">141027t20152015moua     b    001 0 eng  </controlfield>
  <datafield tag="906" ind1=" " ind2=" ">
    <subfield code="a">7</subfield>
    <subfield code="b">cbc</subfield>
    <subfield code="c">origcop</subfield>
    <subfield code="d">2</subfield>
    <subfield code="e">ncip</subfield>
    <subfield code="f">20</subfield>
    <subfield code="g">y-gencatlg</subfield>
  </datafield>
  <datafield tag="925" ind1="0" ind2=" ">
    <subfield code="a">acquire</subfield>
    <subfield code="b">1 shelf copy</subfield>
    <subfield code="x">policy default</subfield>
  </datafield>
  <datafield tag="955" ind1=" " ind2=" ">
    <subfield code="b">rl09 2014-10-27 z-processor</subfield>
    <subfield code="a">rl00 2014-10-27 to SMA (editions)</subfield>
    <subfield code="i">rl03 2014-11-13 to Dewey</subfield>
    <subfield code="w">xl05 2014-12-05 (telework)</subfield>
  </datafield>
  <datafield tag="010" ind1=" " ind2=" ">
    <subfield code="a">  2014451464</subfield>
  </datafield>
  <datafield tag="020" ind1=" " ind2=" ">
    <subfield code="a">9781455745487 (hbk.)</subfield>
  </datafield>
  <datafield tag="020" ind1=" " ind2=" ">
    <subfield code="a">1455745480 (hbk.)</subfield>
  </datafield>
  <datafield tag="040" ind1=" " ind2=" ">
    <subfield code="a">DLC</subfield>
    <subfield code="b">eng</subfield>
    <subfield code="e">rda</subfield>
    <subfield code="c">DLC</subfield>
  </datafield>
  <datafield tag="050" ind1="0" ind2="0">
    <subfield code="a">RK60.5</subfield>
    <subfield code="b">.D445 2015</subfield>
  </datafield>
  <datafield tag="082" ind1="0" ind2="0">
    <subfield code="a">617.6/01</subfield>
    <subfield code="2">23</subfield>
  </datafield>
  <datafield tag="245" ind1="0" ind2="0">
    <subfield code="a">Dental hygiene :</subfield>
    <subfield code="b">theory and practice.</subfield>
  </datafield>
  <datafield tag="250" ind1=" " ind2=" ">
    <subfield code="a">Fourth edition /</subfield>
    <subfield code="b">[edited by] Michele Leonardi Darby, BSDH, MS, professor emeritus, Gene W. Hirschfield School of Dental Hygiene, Old Dominion University, Norfolk, Virginia, Margaret M. Walsh, RDH, MS, EdD, professor, Department of Preventative and Restorative Dental Sciences, School of Dentistry, University of California--San Francisco, San Francisco, California ; consulting editor Denise M. Bowen, RDH, MS, Department of Dental Hygiene, Idaho State University, Pocatello, Idaho.</subfield>
  </datafield>
  <datafield tag="264" ind1=" " ind2="1">
    <subfield code="a">St. Louis, Missouri :</subfield>
    <subfield code="b">Elsevier/Saunders,</subfield>
    <subfield code="c">[2015]</subfield>
  </datafield>
  <datafield tag="264" ind1=" " ind2="4">
    <subfield code="c">©2015</subfield>
  </datafield>
  <datafield tag="300" ind1=" " ind2=" ">
    <subfield code="a">xiv, 1176 pages :</subfield>
    <subfield code="b">illustrations (chiefly color) ;</subfield>
    <subfield code="c">29 cm</subfield>
  </datafield>
  <datafield tag="336" ind1=" " ind2=" ">
    <subfield code="a">text</subfield>
    <subfield code="b">txt</subfield>
    <subfield code="2">rdacontent</subfield>
  </datafield>
  <datafield tag="337" ind1=" " ind2=" ">
    <subfield code="a">unmediated</subfield>
    <subfield code="b">n</subfield>
    <subfield code="2">rdamedia</subfield>
  </datafield>
  <datafield tag="338" ind1=" " ind2=" ">
    <subfield code="a">volume</subfield>
    <subfield code="b">nc</subfield>
    <subfield code="2">rdacarrier</subfield>
  </datafield>
  <datafield tag="504" ind1=" " ind2=" ">
    <subfield code="a">Includes bibliographical references and index.</subfield>
  </datafield>
  <datafield tag="505" ind1="0" ind2=" ">
    <subfield code="a">The dental hygiene profession / Michele Leonardi Darby, Margaret M. Walsh -- Human needs theory and dental hygiene care / Margaret M. Walsh, Michele Leonardi Darby -- Health and health promotion / Laura Lee MacDonald -- Communication and behavioral change theories / Hope E. Oliver -- Cross-cultural practice / Devan Leonardi Darby, Michele Leonardi Darby -- The dental hygiene care environment / Marie Varley Gillis -- Infection control / Eve Cuny, Helene Bednarsh, Kathy J. Eklund -- Medical emergencies / Margaret M. Walsh -- Ergonomics / Lori J. Drummer -- Personal, dental, and health histories / Frieda Atherton Pickett -- Vital signs / Cara Miyasaki -- Pharmacologic history / Ann Eshenaur Spolarich -- Extraoral and intraoral clinical assessment / Margaret J. Fehrenbach -- Assessment of the dentition / Janice Pimlott, Joan D. Leakey -- Oral hygiene assessment : soft and hard deposits / Michele Leonardi Darby, Margaret M. Walsh -- Dental caries management by risk assessment / John D. B. Featherstone -- Periodontal and risk assessment / Susan Lynn Tolle -- Impact of periodontal infections on systemic health / Gary C. Armitage -- Dental hygiene diagnosis / Michele Leonardi Darby, Margaret M. Walsh -- Dental hygiene care plan and evaluation / Karen M. Palleschi -- Toothbrushing / Joanna Asadoorian -- Mechanical oral biofilm control : interdental and supplemental self-care devices / Deborah M. Lyle -- Dentifrices / France Lavoie, Nadia Dubreuil, Louise Bourassa -- Hand-activated instruments / Michele Leonardi Darby, Margaret M. Walsh -- Ultrasonic and sonic instrumentation / Kathleen O. Hodges -- Root morphology and instrumentation implications / Marilyn Beck, Lynn Bergstrom Bryan -- Management of extrinsic and intrinsic stains / Michele Leonardi Darby, Margaret M. Walsh -- Decision making related to nonsurgical periodontal therapy / Kathleen O. Hodges -- Chemotherapy for the control of periodontal diseases / Joanna Asadoorian -- Acute gingival and periodontal conditions, lesions of endodontic origin, and avulsed teeth / Birgitta Soder -- Caries management : fluoride, chlorhexidine, xylitol, and amorphous calcium phosphate therapies / Michele Leonardi Darby -- Pit and fissure sealants / Judy Yamamoto, Maureen E. Fannon -- Nutritional counseling / Lisa F. Harper Mallonee -- Tobacco cessation / Margaret M. Walsh, Kirsten A. Jarvi -- Impressions, study casts, and oral stents / Esther K. Andrews -- Restorative therapy / Lisa Ahmann -- Behavioral management of dental fear and anxiety / Margaret M. Walsh, Michele Leonardi Darby -- Dentinal hypersensitivity management / Juliana J. Kim, Dimitrios Karastathis -- Local anesthesia / Margaret M. Walsh, Michele Leonardi Darby -- Nitrous oxide-oxygen analgesia / Margaret M. Walsh -- Persons with disabilities / Kathleen B. Muzzin -- Cardiovascular disease / Laura Mueller-Joseph -- Persons with diabetes mellitus / Deborah Bauman -- Oral care of persons with cancer / Joan M. Davis -- Persons with human immunodeficiency virus infection / Devan Leonardi Darby, Michele Leonardi Darby -- Persons with neurologic and sensory deficits / Dorothy J. Rowe, Brenda S. Kunz -- Persons with autoimmune diseases / Margaret M. Walsh -- Renal disease and organ transplantation / Cheryl Thomas -- Respiratory diseases / Joan Gugino Ellison -- Cognitively and developmentally challenged persons / Kelly M. Schultz, Michele Leonardi Darby -- Alcohol and substance abuse / Sandra Z. Zagar, Kathleen M. Schlotthauer -- Eating disorders / Laura Lee MacDonald -- Women&apos;s health and the health of their children / Maria Perno Goldie -- The older adult / Joan I. Gluch -- Persons with fixed and removable dentures / Bonnie J. Craig -- Orofacial clefts and fractured jaw / Joanna L. Harris -- Dental implant maintenance / Vivian L. Young-McDonald -- Persons with orthodontic appliances / Lee Ann Branscome Simmons -- Abuse and neglect / Inma LaCross -- Practice management / Harold A. Henson -- Career planning and professional development / Christine Hovliaras -- Legal and ethical decision making / Pamela Zarkowski.</subfield>
  </datafield>
  <datafield tag="650" ind1=" " ind2="0">
    <subfield code="a">Dental hygiene.</subfield>
  </datafield>
  <datafield tag="650" ind1=" " ind2="0">
    <subfield code="a">Dental hygienists.</subfield>
  </datafield>
  <datafield tag="700" ind1="1" ind2=" ">
    <subfield code="a">Darby, Michele Leonardi,</subfield>
    <subfield code="d">1949-</subfield>
    <subfield code="e">editor.</subfield>
  </datafield>
  <datafield tag="700" ind1="1" ind2=" ">
    <subfield code="a">Walsh, Margaret M.,</subfield>
    <subfield code="e">editor.</subfield>
  </datafield>
  <datafield tag="700" ind1="1" ind2=" ">
    <subfield code="a">Bowen, Denise M.,</subfield>
    <subfield code="e">editor.</subfield>
  </datafield>
</record>