
<record>
  <leader>04555cam a22005657i 4500</leader>
  <controlfield tag="001">18359316</controlfield>
  <controlfield tag="005">20200103120513.0</controlfield>
  <controlfield tag="008">141104t20152015coua     bc   001 0 eng c</controlfield>
  <datafield tag="906" ind1=" " ind2=" ">
    <subfield code="a">7</subfield>
    <subfield code="b">cbc</subfield>
    <subfield code="c">pccadap</subfield>
    <subfield code="d">2</subfield>
    <subfield code="e">epcn</subfield>
    <subfield code="f">20</subfield>
    <subfield code="g">y-gencatlg</subfield>
  </datafield>
  <datafield tag="925" ind1="0" ind2=" ">
    <subfield code="a">acquire</subfield>
    <subfield code="b">1 shelf copy</subfield>
    <subfield code="x">policy default</subfield>
  </datafield>
  <datafield tag="955" ind1=" " ind2=" ">
    <subfield code="b">rk11 2015-08-13 z-processor</subfield>
    <subfield code="i">rk11 2015-08-13 to Dewey</subfield>
  </datafield>
  <datafield tag="955" ind1=" " ind2=" ">
    <subfield code="a">pc22 2014-11-04</subfield>
    <subfield code="a">xn11 2015-07-23 1 copy rec&apos;d., to USASH</subfield>
  </datafield>
  <datafield tag="010" ind1=" " ind2=" ">
    <subfield code="a">  2014955977</subfield>
  </datafield>
  <datafield tag="020" ind1=" " ind2=" ">
    <subfield code="a">9783791354552</subfield>
    <subfield code="q">(hd.bd.)</subfield>
  </datafield>
  <datafield tag="020" ind1=" " ind2=" ">
    <subfield code="a">3791354558</subfield>
    <subfield code="q">(hd.bd.)</subfield>
  </datafield>
  <datafield tag="035" ind1=" " ind2=" ">
    <subfield code="a">(OCoLC)ocn898529928</subfield>
  </datafield>
  <datafield tag="040" ind1=" " ind2=" ">
    <subfield code="a">BTCTA</subfield>
    <subfield code="b">eng</subfield>
    <subfield code="c">BTCTA</subfield>
    <subfield code="e">rda</subfield>
    <subfield code="d">BDX</subfield>
    <subfield code="d">DNA</subfield>
    <subfield code="d">ZP2</subfield>
    <subfield code="d">YDXCP</subfield>
    <subfield code="d">OSU</subfield>
    <subfield code="d">STF</subfield>
    <subfield code="d">UBY</subfield>
    <subfield code="d">OHX</subfield>
    <subfield code="d">DLC</subfield>
  </datafield>
  <datafield tag="043" ind1=" " ind2=" ">
    <subfield code="a">n-us---</subfield>
  </datafield>
  <datafield tag="050" ind1="0" ind2="0">
    <subfield code="a">N6537.S358</subfield>
    <subfield code="b">A4 2015</subfield>
  </datafield>
  <datafield tag="072" ind1=" " ind2="7">
    <subfield code="a">N</subfield>
    <subfield code="2">lcco</subfield>
  </datafield>
  <datafield tag="097" ind1="0" ind2="0">
    <subfield code="a">ND237.S4335</subfield>
    <subfield code="b">A4 2015</subfield>
  </datafield>
  <datafield tag="097" ind1="0" ind2="0">
    <subfield code="a">N6537.S37</subfield>
    <subfield code="b">A4 2015</subfield>
  </datafield>
  <datafield tag="245" ind1="0" ind2="0">
    <subfield code="a">Super Indian :</subfield>
    <subfield code="b">Fritz Scholder, 1967-1980.</subfield>
  </datafield>
  <datafield tag="264" ind1=" " ind2="1">
    <subfield code="a">Denver, CO :</subfield>
    <subfield code="b">Denver Art Museum ;</subfield>
    <subfield code="a">Munich ;</subfield>
    <subfield code="a">New York :</subfield>
    <subfield code="b">DelMonico Books/Prestel,</subfield>
    <subfield code="c">2015.</subfield>
  </datafield>
  <datafield tag="264" ind1=" " ind2="4">
    <subfield code="c">©2015</subfield>
  </datafield>
  <datafield tag="300" ind1=" " ind2=" ">
    <subfield code="a">143 pages :</subfield>
    <subfield code="b">illustrations (chiefly color) ;</subfield>
    <subfield code="c">29 cm</subfield>
  </datafield>
  <datafield tag="336" ind1=" " ind2=" ">
    <subfield code="a">text</subfield>
    <subfield code="2">rdacontent</subfield>
  </datafield>
  <datafield tag="336" ind1=" " ind2=" ">
    <subfield code="a">still image</subfield>
    <subfield code="2">rdacontent</subfield>
  </datafield>
  <datafield tag="337" ind1=" " ind2=" ">
    <subfield code="a">unmediated</subfield>
    <subfield code="2">rdamedia</subfield>
  </datafield>
  <datafield tag="338" ind1=" " ind2=" ">
    <subfield code="a">volume</subfield>
    <subfield code="2">rdacarrier</subfield>
  </datafield>
  <datafield tag="500" ind1=" " ind2=" ">
    <subfield code="a">Published for the exhibition organized by the Denver Art Museum, Denver, Colorado, and curated by John P. Lukavic.</subfield>
  </datafield>
  <datafield tag="500" ind1=" " ind2=" ">
    <subfield code="a">Exhibitions held at Denver Art Museum, Denver, Colorado, Oct. 4, 2015-January 17, 2016; Phoenix Art Museum, Phoenix, Arizona, Feb. 26-June 5, 2016; Nerman Museum of Contemporary Art, Overland Park, Kansas, June 23-18 Sept. 2016.</subfield>
  </datafield>
  <datafield tag="504" ind1=" " ind2=" ">
    <subfield code="a">Includes bibliographical references and index.</subfield>
  </datafield>
  <datafield tag="505" ind1="0" ind2=" ">
    <subfield code="a">Foreword / Christoph Heinrich -- Acknowledgments / John P. Lukavic -- A collector&apos;s view - How the West was (really) won: the 1970s Indian paintings of Fritz Scholder / Kent Logan -- Re-figuring Scholder: his Indian series, 1967-1980 / John P. Lukavic -- Remembering Scholder / Donald F. Montileaux and John Gritts -- Painter, traveler, diplomat / Jessica L. Horton -- Supr NDN / Brad Kahlhamer -- Indians and the stone: lithography as an extension of Scholder&apos;s art / Eric Berkemeyer -- A grand balance / Theodore Waddell -- Scholder in the Southwest / David Bradley.</subfield>
  </datafield>
  <datafield tag="505" ind1="8" ind2=" ">
    <subfield code="a">Exhibition checklist of artworks (mostly paintings and lithographs) : Indian no. 1, 1967 -- Indians no. 19, 1967 -- Indian at a Gallup Bus Depot, 1969 -- Indian and Contemporary Chair, 1970 -- Super Indian no. 2, 1971 -- Indian with Strawberry Soda Pop, 1970 -- Sketch for Indian in Car, 1969 -- Indian in Car, 1969 -- Indian and Rhinoceros, 1968 -- American Portrait with One Eye, 1975 -- Indian with Dog, about 1972 -- Indian with Blue Aura, 1967 -- Dark Indian, about 1970 -- Mad Indian no. 3, about 1970 -- Insane Indian no. 26, 1972 -- Mad Indian, 1968 -- Monster Indian, 1968 -- Indian in Taos Pueblo, 1970 -- Indian Land no. 6, 1980 -- Walking to the Next Bar, 1974 -- Massacre in America: Wounded Knee, 1972 -- Indian Dying in Nebraska, about 1972 -- Dog and Dead Warrior, 1971 -- Hollywood Indian, 1973 -- Seated Indian with Rifle (after Remington), 1976 -- American Portrait with Flag, 1979 -- Indian and Buffalo after Catlin, 1975 -- Indian Land no. 4, 1980 -- End of the Trail, 1970 -- Matinee Cowboy and Indian, 1978 -- Dartmouth Portrait no. 14, 1973 -- Another Sioux Chief, 1979 -- Portrait of a Massacred Indian no. 3, 1973 -- Indian with Feather, 1970 -- Indian at the Bar, 1971 -- Indians with Umbrellas, 1971 -- Hopi Dancers, first state, 1974 -- Hopi Dancers, second state, 1974 -- Indian at the Lake, 1977 -- Indian with Feather Fan, 1975 -- Indian with Flag, 1973 -- Sioux Burial at Mouse River, 1979.</subfield>
  </datafield>
  <datafield tag="600" ind1="1" ind2="0">
    <subfield code="a">Scholder, Fritz,</subfield>
    <subfield code="d">1937-2005</subfield>
    <subfield code="v">Exhibitions.</subfield>
  </datafield>
  <datafield tag="650" ind1=" " ind2="0">
    <subfield code="a">Indians in art</subfield>
    <subfield code="v">Exhibitions.</subfield>
  </datafield>
  <datafield tag="700" ind1="1" ind2="2">
    <subfield code="a">Logan, Kent.</subfield>
    <subfield code="t">Collector&apos;s view.</subfield>
  </datafield>
  <datafield tag="700" ind1="1" ind2="2">
    <subfield code="a">Lukavic, John.</subfield>
    <subfield code="t">Re-figuiring Scholder.</subfield>
  </datafield>
  <datafield tag="700" ind1="1" ind2="2">
    <subfield code="a">Montileaux, Donald F.,</subfield>
    <subfield code="d">1948-</subfield>
    <subfield code="t">Remembering Scholder.</subfield>
  </datafield>
  <datafield tag="700" ind1="1" ind2="2">
    <subfield code="a">Horton, Jessica L.</subfield>
    <subfield code="t">Painter, traveler, diplomat.</subfield>
  </datafield>
  <datafield tag="700" ind1="1" ind2="2">
    <subfield code="a">Kahlhamer, Brad,</subfield>
    <subfield code="d">1956-</subfield>
    <subfield code="t">Supr ndn.</subfield>
  </datafield>
  <datafield tag="700" ind1="1" ind2="2">
    <subfield code="a">Berkemeyer, Eric.</subfield>
    <subfield code="t">Indians and the stone.</subfield>
  </datafield>
  <datafield tag="700" ind1="1" ind2="2">
    <subfield code="a">Waddell, Theodore,</subfield>
    <subfield code="d">1941-</subfield>
    <subfield code="t">Grand balance.</subfield>
  </datafield>
  <datafield tag="700" ind1="1" ind2="2">
    <subfield code="a">Bradley, David,</subfield>
    <subfield code="d">1954-</subfield>
    <subfield code="t">Scholder in the Southwest.</subfield>
  </datafield>
  <datafield tag="700" ind1="1" ind2="2">
    <subfield code="a">Scholder, Fritz,</subfield>
    <subfield code="d">1937-2005.</subfield>
    <subfield code="t">Works.</subfield>
    <subfield code="k">Selections.</subfield>
  </datafield>
  <datafield tag="710" ind1="2" ind2=" ">
    <subfield code="a">Denver Art Museum,</subfield>
    <subfield code="e">organizer,</subfield>
    <subfield code="e">host institution.</subfield>
  </datafield>
  <datafield tag="710" ind1="2" ind2=" ">
    <subfield code="a">Phoenix Art Museum,</subfield>
    <subfield code="e">host institution.</subfield>
  </datafield>
  <datafield tag="710" ind1="2" ind2=" ">
    <subfield code="a">Nerman Museum of Contemporary Art,</subfield>
    <subfield code="e">host institution.</subfield>
  </datafield>
  <datafield tag="856" ind1="4" ind2="2">
    <subfield code="u">http://www.denverartmuseum.org/</subfield>
    <subfield code="z">Online access to Denver Art Museum homepage</subfield>
  </datafield>
</record>