
<record>
  <leader>03407cam a22003977i 4500</leader>
  <controlfield tag="001">18375161</controlfield>
  <controlfield tag="005">20200103120514.0</controlfield>
  <controlfield tag="008">141117s2015    enk      b    001 0 eng  </controlfield>
  <datafield tag="906" ind1=" " ind2=" ">
    <subfield code="a">7</subfield>
    <subfield code="b">cbc</subfield>
    <subfield code="c">orignew</subfield>
    <subfield code="d">1</subfield>
    <subfield code="e">ecip</subfield>
    <subfield code="f">20</subfield>
    <subfield code="g">y-gencatlg</subfield>
  </datafield>
  <datafield tag="925" ind1="0" ind2=" ">
    <subfield code="a">acquire</subfield>
    <subfield code="b">1 shelf copy</subfield>
    <subfield code="x">policy default</subfield>
    <subfield code="e">claim1  2015-07-06</subfield>
  </datafield>
  <datafield tag="955" ind1=" " ind2=" ">
    <subfield code="b">re04 2014-11-17</subfield>
    <subfield code="c">re04 2014-11-17 ONIX</subfield>
    <subfield code="d">rm03 2015-01-30</subfield>
    <subfield code="e">rm11 2015-01-30 to Dewey</subfield>
    <subfield code="a">xn11 2015-10-13 1 copy rec&apos;d., to CIP ver.</subfield>
    <subfield code="f">rm06 2015-10-29 to CALM</subfield>
  </datafield>
  <datafield tag="010" ind1=" " ind2=" ">
    <subfield code="a">  2014033517</subfield>
  </datafield>
  <datafield tag="020" ind1=" " ind2=" ">
    <subfield code="a">9781472508737 (hardback)</subfield>
  </datafield>
  <datafield tag="020" ind1=" " ind2=" ">
    <subfield code="a">9781472509413</subfield>
  </datafield>
  <datafield tag="020" ind1=" " ind2=" ">
    <subfield code="a">9781472511997</subfield>
  </datafield>
  <datafield tag="040" ind1=" " ind2=" ">
    <subfield code="a">DLC</subfield>
    <subfield code="b">eng</subfield>
    <subfield code="c">DLC</subfield>
    <subfield code="e">rda</subfield>
    <subfield code="d">DLC</subfield>
  </datafield>
  <datafield tag="043" ind1=" " ind2=" ">
    <subfield code="a">a-tu---</subfield>
  </datafield>
  <datafield tag="050" ind1="0" ind2="0">
    <subfield code="a">HD9146.T92</subfield>
    <subfield code="b">K39 2015</subfield>
  </datafield>
  <datafield tag="084" ind1=" " ind2=" ">
    <subfield code="a">REL037030</subfield>
    <subfield code="a">SOC002010</subfield>
    <subfield code="2">bisacsh</subfield>
  </datafield>
  <datafield tag="100" ind1="1" ind2=" ">
    <subfield code="a">Kayaalp, Ebru.</subfield>
  </datafield>
  <datafield tag="245" ind1="1" ind2="0">
    <subfield code="a">Remaking politics, markets, and citizens in Turkey :</subfield>
    <subfield code="b">governing through smoke /</subfield>
    <subfield code="c">Ebru Kayaalp.</subfield>
  </datafield>
  <datafield tag="264" ind1=" " ind2="1">
    <subfield code="a">London ;</subfield>
    <subfield code="a">New York :</subfield>
    <subfield code="b">Bloomsbury Academic,</subfield>
    <subfield code="c">2015.</subfield>
  </datafield>
  <datafield tag="300" ind1=" " ind2=" ">
    <subfield code="a">x, 217 pages ;</subfield>
    <subfield code="c">25 cm.</subfield>
  </datafield>
  <datafield tag="336" ind1=" " ind2=" ">
    <subfield code="a">text</subfield>
    <subfield code="2">rdacontent</subfield>
  </datafield>
  <datafield tag="337" ind1=" " ind2=" ">
    <subfield code="a">unmediated</subfield>
    <subfield code="2">rdamedia</subfield>
  </datafield>
  <datafield tag="338" ind1=" " ind2=" ">
    <subfield code="a">volume</subfield>
    <subfield code="2">rdacarrier</subfield>
  </datafield>
  <datafield tag="490" ind1="0" ind2=" ">
    <subfield code="a">Suspensions: contemporary middle eastern and islamicate thought</subfield>
  </datafield>
  <datafield tag="504" ind1=" " ind2=" ">
    <subfield code="a">Includes bibliographical references (pages 197-212) and index.</subfield>
  </datafield>
  <datafield tag="520" ind1=" " ind2=" ">
    <subfield code="a">&quot;Remaking Politics, Markets and Citizens in Turkey critically analyses the travel of neoliberal ideas, policies, experts and institutions from the West to Turkey. Through an ethnographic investigation of the newly established tobacco market, Ebru Kayaalp considers how they are being adopted and transformed in their new settings.The February 2001 crisis, the most severe economic downturn in the history of Turkey, generated an emergency situation in which a series of sweeping neoliberal policies were implemented to prop up the collapsed economy. To receive the necessary loans from the international financial institutions, the Turkish government hastily enacted a number of neoliberal laws, including the notorious tobacco law. Remaking Politics, Markets and Citizens in Turkey not only explores the repercussions of the new tobacco law, such as the establishment of a new regulatory institution, the emergence of contract farming and the privatization of the tobacco monopoly, thereby making a liberalized market, but also the smoking ban governing the bodies and spaces of Muslim citizens. Remaking Politics, Markets and Citizens in Turkey provides an innovative contribution to Middle Eastern studies, filling the gap for anthropological research in Muslim countries on local economic relations and their connections with the global economy&quot;--</subfield>
    <subfield code="c">Provided by publisher.</subfield>
  </datafield>
  <datafield tag="505" ind1="8" ind2=" ">
    <subfield code="a">Machine generated contents note: -- IntroductionPart I: Politics1. Travel of Experts, Policies and Institutions2. Opening the Black Box of Law3. Policy in the MakingPart II: Markets4. Remaking the Tobacco Market5. Borders or the MarketPart III: Citizens6. Neoliberalism, Citizenship and Resistance7. Making Healthy Good Citizens8. Smoking Tobacco, Speaking Nationalism ConclusionBibliographyIndex.</subfield>
  </datafield>
  <datafield tag="650" ind1=" " ind2="0">
    <subfield code="a">Tobacco industry</subfield>
    <subfield code="z">Turkey</subfield>
    <subfield code="x">History.</subfield>
  </datafield>
  <datafield tag="650" ind1=" " ind2="0">
    <subfield code="a">Tobacco</subfield>
    <subfield code="z">Turkey</subfield>
    <subfield code="x">History.</subfield>
  </datafield>
  <datafield tag="651" ind1=" " ind2="0">
    <subfield code="a">Turkey</subfield>
    <subfield code="x">Economic conditions.</subfield>
  </datafield>
  <datafield tag="650" ind1=" " ind2="7">
    <subfield code="a">RELIGION / Islam / Rituals &amp; Practice.</subfield>
    <subfield code="2">bisacsh</subfield>
  </datafield>
  <datafield tag="650" ind1=" " ind2="7">
    <subfield code="a">SOCIAL SCIENCE / Anthropology / Cultural.</subfield>
    <subfield code="2">bisacsh</subfield>
  </datafield>
  <datafield tag="856" ind1="4" ind2="2">
    <subfield code="3">Cover image</subfield>
    <subfield code="u">http://www.netread.com/jcusers2/bk1388/737/9781472508737/image/lgcover.9781472508737.jpg</subfield>
  </datafield>
</record>