
<record>
  <leader>02377cam a22003377i 4500</leader>
  <controlfield tag="001">18386284</controlfield>
  <controlfield tag="005">20200103120517.0</controlfield>
  <controlfield tag="008">141124s2015    ohua     b    001 0 eng c</controlfield>
  <datafield tag="906" ind1=" " ind2=" ">
    <subfield code="a">7</subfield>
    <subfield code="b">cbc</subfield>
    <subfield code="c">pccadap</subfield>
    <subfield code="d">2</subfield>
    <subfield code="e">epcn</subfield>
    <subfield code="f">20</subfield>
    <subfield code="g">y-gencatlg</subfield>
  </datafield>
  <datafield tag="925" ind1="0" ind2=" ">
    <subfield code="a">acquire</subfield>
    <subfield code="b">1 shelf copy</subfield>
    <subfield code="x">policy default</subfield>
  </datafield>
  <datafield tag="955" ind1=" " ind2=" ">
    <subfield code="b">hh12 2016-08-05 z-processor to USAN Mono</subfield>
    <subfield code="i">hh12 2016-08-05 to Dewey</subfield>
    <subfield code="w">xm06 2016-09-02</subfield>
  </datafield>
  <datafield tag="955" ind1=" " ind2=" ">
    <subfield code="a">pc12 2014-11-24</subfield>
    <subfield code="a">xn11 2015-06-05 1 copy rec&apos;d., to USASH</subfield>
  </datafield>
  <datafield tag="010" ind1=" " ind2=" ">
    <subfield code="a">  2014957774</subfield>
  </datafield>
  <datafield tag="020" ind1=" " ind2=" ">
    <subfield code="a">162708083X</subfield>
  </datafield>
  <datafield tag="020" ind1=" " ind2=" ">
    <subfield code="a">9781627080835</subfield>
  </datafield>
  <datafield tag="035" ind1=" " ind2=" ">
    <subfield code="a">(OCoLC)ocn904652440</subfield>
  </datafield>
  <datafield tag="040" ind1=" " ind2=" ">
    <subfield code="a">YDXCP</subfield>
    <subfield code="b">eng</subfield>
    <subfield code="c">PUL</subfield>
    <subfield code="e">rda</subfield>
    <subfield code="d">YDXCP</subfield>
    <subfield code="d">CUV</subfield>
    <subfield code="d">TXA</subfield>
    <subfield code="d">EQO</subfield>
    <subfield code="d">SOI</subfield>
    <subfield code="d">DLC</subfield>
  </datafield>
  <datafield tag="050" ind1="0" ind2="0">
    <subfield code="a">TA472</subfield>
    <subfield code="b">.K68 2015</subfield>
  </datafield>
  <datafield tag="082" ind1="0" ind2="0">
    <subfield code="a">620.1/7</subfield>
    <subfield code="2">23</subfield>
  </datafield>
  <datafield tag="100" ind1="1" ind2=" ">
    <subfield code="a">Krauss, George,</subfield>
    <subfield code="d">1933-</subfield>
    <subfield code="e">author.</subfield>
  </datafield>
  <datafield tag="245" ind1="1" ind2="0">
    <subfield code="a">Steels :</subfield>
    <subfield code="b">processing, structure, and performance /</subfield>
    <subfield code="c">George Krauss.</subfield>
  </datafield>
  <datafield tag="250" ind1=" " ind2=" ">
    <subfield code="a">Second edition.</subfield>
  </datafield>
  <datafield tag="264" ind1=" " ind2="1">
    <subfield code="a">Materials Park, Ohio :</subfield>
    <subfield code="b">ASM International,</subfield>
    <subfield code="c">[2015]</subfield>
  </datafield>
  <datafield tag="300" ind1=" " ind2=" ">
    <subfield code="a">xxii, 682 pages :</subfield>
    <subfield code="b">illustrations (some color) ;</subfield>
    <subfield code="c">26 cm</subfield>
  </datafield>
  <datafield tag="336" ind1=" " ind2=" ">
    <subfield code="a">text</subfield>
    <subfield code="b">txt</subfield>
    <subfield code="2">rdacontent</subfield>
  </datafield>
  <datafield tag="337" ind1=" " ind2=" ">
    <subfield code="a">unmediated</subfield>
    <subfield code="b">n</subfield>
    <subfield code="2">rdamedia</subfield>
  </datafield>
  <datafield tag="338" ind1=" " ind2=" ">
    <subfield code="a">volume</subfield>
    <subfield code="b">nc</subfield>
    <subfield code="2">rdacarrier</subfield>
  </datafield>
  <datafield tag="504" ind1=" " ind2=" ">
    <subfield code="a">Includes bibliographical references and index.</subfield>
  </datafield>
  <datafield tag="505" ind1="0" ind2=" ">
    <subfield code="a">Introduction: Purpose of text, microstructure and analysis, steel definitions, and specifications -- History and primary steel processing -- Phases and structures -- Pearlite, ferrite, and cementite -- Martensite -- Bainite -- Ferritic microstructures -- Austenite in steel -- Primary processing effects on steel microstructure and properties -- Isothermal and continuous cooling transformation diagrams -- Deformation, strengthening, and fracture of ferritic microstructures -- Low-carbon steels -- Normalizing, annealing, and spheroidizing treatments; ferrite/pearlite and spherical carbides -- Non-martensitic strengthening of medium-carbon steels-microalloying and bainitic strengthening -- High-carbon steels-fully pearlitic microstructures and wire and rail applications -- Hardness and hardenability -- Tempering of steel -- Deformation, mechanical properties, and fracture of quenched and tempered carbon steels -- Low toughness and embrittlement phenomena in steels -- Residual stresses, distortion, and heat treatment -- Surface hardening -- Surface modification -- Stainless steels -- Tool steels -- Appendix: Hardness conversions.</subfield>
  </datafield>
  <datafield tag="650" ind1=" " ind2="0">
    <subfield code="a">Steel.</subfield>
  </datafield>
  <datafield tag="650" ind1=" " ind2="7">
    <subfield code="a">Steel.</subfield>
    <subfield code="2">fast</subfield>
    <subfield code="0">(OCoLC)fst01132472</subfield>
  </datafield>
</record>