
<record>
  <leader>03848cam a22004337i 4500</leader>
  <controlfield tag="001">18388433</controlfield>
  <controlfield tag="005">20200103120517.0</controlfield>
  <controlfield tag="008">141126s2015    enka     b    001 0 eng c</controlfield>
  <datafield tag="906" ind1=" " ind2=" ">
    <subfield code="a">7</subfield>
    <subfield code="b">cbc</subfield>
    <subfield code="c">pccadap</subfield>
    <subfield code="d">2</subfield>
    <subfield code="e">ncip</subfield>
    <subfield code="f">20</subfield>
    <subfield code="g">y-gencatlg</subfield>
  </datafield>
  <datafield tag="925" ind1="0" ind2=" ">
    <subfield code="a">acquire</subfield>
    <subfield code="b">1 shelf copies</subfield>
    <subfield code="x">policy default</subfield>
  </datafield>
  <datafield tag="955" ind1=" " ind2=" ">
    <subfield code="b">rm08 2016-07-02 z-processor</subfield>
    <subfield code="i">rm06 2016-07-07 to BCCD</subfield>
    <subfield code="w">xm06 2016-08-11</subfield>
  </datafield>
  <datafield tag="955" ind1=" " ind2=" ">
    <subfield code="b">rm04 2014-11-26 z-processor</subfield>
  </datafield>
  <datafield tag="010" ind1=" " ind2=" ">
    <subfield code="a">  2014497026</subfield>
  </datafield>
  <datafield tag="016" ind1="7" ind2=" ">
    <subfield code="a">101646239</subfield>
    <subfield code="2">DNLM</subfield>
  </datafield>
  <datafield tag="020" ind1=" " ind2=" ">
    <subfield code="a">9781782201113</subfield>
  </datafield>
  <datafield tag="020" ind1=" " ind2=" ">
    <subfield code="a">1782201114</subfield>
  </datafield>
  <datafield tag="035" ind1=" " ind2=" ">
    <subfield code="a">(OCoLC)ocn880239481</subfield>
  </datafield>
  <datafield tag="040" ind1=" " ind2=" ">
    <subfield code="a">DNLM</subfield>
    <subfield code="b">eng</subfield>
    <subfield code="c">NLM</subfield>
    <subfield code="e">rda</subfield>
    <subfield code="d">BTCTA</subfield>
    <subfield code="d">CDX</subfield>
    <subfield code="d">YDXCP</subfield>
    <subfield code="d">SHH</subfield>
    <subfield code="d">OCLCF</subfield>
    <subfield code="d">H9Z</subfield>
    <subfield code="d">SWW</subfield>
    <subfield code="d">A7U</subfield>
    <subfield code="d">S3O</subfield>
    <subfield code="d">DLC</subfield>
  </datafield>
  <datafield tag="050" ind1="0" ind2="0">
    <subfield code="a">BF575.H6</subfield>
    <subfield code="b">H66 2015</subfield>
  </datafield>
  <datafield tag="082" ind1="0" ind2="0">
    <subfield code="a">303.3/85</subfield>
    <subfield code="2">23</subfield>
  </datafield>
  <datafield tag="245" ind1="0" ind2="0">
    <subfield code="a">Hostile and malignant prejudice :</subfield>
    <subfield code="b">psychoanalytic approaches /</subfield>
    <subfield code="c">edited by Cyril Levitt.</subfield>
  </datafield>
  <datafield tag="264" ind1=" " ind2="1">
    <subfield code="a">London :</subfield>
    <subfield code="b">Karnac,</subfield>
    <subfield code="c">2015.</subfield>
  </datafield>
  <datafield tag="300" ind1=" " ind2=" ">
    <subfield code="a">xxviii, 212 :</subfield>
    <subfield code="b">illustrations ;</subfield>
    <subfield code="c">23 cm.</subfield>
  </datafield>
  <datafield tag="336" ind1=" " ind2=" ">
    <subfield code="a">text</subfield>
    <subfield code="b">txt</subfield>
    <subfield code="2">rdacontent</subfield>
  </datafield>
  <datafield tag="337" ind1=" " ind2=" ">
    <subfield code="a">unmediated</subfield>
    <subfield code="b">n</subfield>
    <subfield code="2">rdamedia</subfield>
  </datafield>
  <datafield tag="338" ind1=" " ind2=" ">
    <subfield code="a">volume</subfield>
    <subfield code="b">nc</subfield>
    <subfield code="2">rdacarrier</subfield>
  </datafield>
  <datafield tag="490" ind1="1" ind2=" ">
    <subfield code="a">Psychoanalytic ideas and application series</subfield>
  </datafield>
  <datafield tag="504" ind1=" " ind2=" ">
    <subfield code="a">Includes bibliographical references and index.</subfield>
  </datafield>
  <datafield tag="505" ind1="0" ind2=" ">
    <subfield code="a">The origin of prejudice in childhood : theory and practice. Malignant prejudice : its development and prevention / Henri Parens -- Theory. Distinguishing between ordinary and criminal racism / Marcelo N. Viñar ; Concerning prejudice : pragmatic utopias / Ignacio Gerber ; International relations and psychoanalysis / Vamik D. Volkan -- Applications. Secrecy and the denial of trauma / Susann Heenen-Wolff and Adeline Fohn ; Collective mourning : who or what frees a collective to mourn? / Hermann Beland ; On xenophobic and anti-Semitic prejudices / Tomas Böhm ; A Peruvian case of prejudice / Jorge Kantor -- Conclusion: Realistic expectations. The future of prejudice and the limits of psychoanalytic intervention / Cyril Levitt.</subfield>
  </datafield>
  <datafield tag="520" ind1=" " ind2=" ">
    <subfield code="a">Hostile and Malignant Prejudice: Psychoanalytic Approaches represents the leading edge of work in the field of prejudice by members of the International Psychoanalytical Association&apos;s Committee on Prejudice (including snti-semitism), psychoanalysts who hail from Belgium, Brazil, Canada, Germany, Peru, Sweden, the United States, and Uruguay. It pursues the issues surrounding hostile and malignant prejudice as defined in the first chapter by Henri Parens, whose path-breaking work over four generations with children and their mothers uncovered the sources of aggression and prejudice on a scale from jocular slurs to murderous genocide. One chapter examines the effects of Latin America&apos;s colonial past on the psychic development of a mixed race young man whose analysis implicates a major racial and social divide in the heart of his society. In another chapter we learn of the identity conflicts of children who were separated from their parents during the Holocaust and hidden or hidden in plain sight by adopting a Christian persona. Other chapters examine the philosophical implications of the psychoanalytic approaches to hostile and malignant prejudice in human history, and the application of psychoanalysis to international relations. The various chapters and approaches of the book take psychoanalysis to the borderline areas of anthropology, philosophy, politics, and sociology to illuminate and offer ways to understand and treat in a practical way one of the greatest scourges in human history.</subfield>
  </datafield>
  <datafield tag="650" ind1=" " ind2="0">
    <subfield code="a">Hostility (Psychology)</subfield>
  </datafield>
  <datafield tag="650" ind1="1" ind2="2">
    <subfield code="a">Prejudice</subfield>
    <subfield code="x">psychology</subfield>
  </datafield>
  <datafield tag="650" ind1="2" ind2="2">
    <subfield code="a">Psychoanalytic Theory</subfield>
  </datafield>
  <datafield tag="650" ind1=" " ind2="7">
    <subfield code="a">Hostility (Psychology)</subfield>
    <subfield code="2">fast</subfield>
    <subfield code="0">(OCoLC)fst00961639</subfield>
  </datafield>
  <datafield tag="650" ind1=" " ind2="7">
    <subfield code="a">Fördomar</subfield>
    <subfield code="x">psykologiska aspekter.</subfield>
    <subfield code="2">sao</subfield>
  </datafield>
  <datafield tag="650" ind1=" " ind2="7">
    <subfield code="a">Ovänskap.</subfield>
    <subfield code="2">sao</subfield>
  </datafield>
  <datafield tag="700" ind1="1" ind2=" ">
    <subfield code="a">Levitt, Cyril,</subfield>
    <subfield code="e">editor.</subfield>
  </datafield>
  <datafield tag="710" ind1="2" ind2=" ">
    <subfield code="a">International Psycho-Analytical Association,</subfield>
    <subfield code="e">issuing body.</subfield>
  </datafield>
  <datafield tag="830" ind1=" " ind2="0">
    <subfield code="a">Psychoanalytic ideas and applications series.</subfield>
  </datafield>
</record>